1328 2295
78 159 148 193 308
330 166 404 193 THE
429 166 605 193 REGISTER
632 166 677 194 or
701 166 835 193 BISHOP
862 165 1085 194 STAPELDON.

169 231 270 284 muizz‘iire¹
292 232 316 254 et
346 231 507 261 interpretari,
530 231 558 260 si,
582 232 662 260 prout,
685 231 710 254 et
730 231 834 260 quando,
857 230 904 253 sibi
929 229 1048 260 placuerit
1068 230 1092 252 et
1117 227 1239 252 videbitur

167 267 227 290 expe
245 268 285 285 ire.

429 303 477 343 {52
491 303 671 344 juramento
685 303 884 343 §solarium

140 352 208 381 Cum,
227 353 317 381 autem,
336 352 423 382 aliquis
443 352 544 375 Scolaris
562 352 592 374 ad
611 352 754 374 Societatem
773 352 879 381 predicte
896 351 965 380 Aule,
984 352 1012 374 ut
1030 349 1188 380 premittitur,
1208 348 1241 371 sit

169 383 326 412 recipiendus,
339 383 364 404 iu
375 382 510 411 recepcione
527 389 577 410 sua,
590 382 667 410 primo
684 382 729 410 die,
743 388 822 404 coram
834 382 933 404 Reclore
945 383 969 403 et
979 381 1057 404 tribus
1069 380 1099 403 ad
1110 379 1190 402 minus
1200 378 1238 400 vel

170 412 281 441 pluribus
297 412 379 440 Sociis,
397 412 468 434 tactis
485 412 645 434 Sacrosanctis
661 411 809 440 Ewangeliis,
828 411 949 440 corporale
964 411 1063 440 prebeat
1075 410 1240 439 juramentum

169 442 234 471 quod
245 442 363 471 predictas
375 442 551 469 Ordinaciones,
571 442 595 463 et
612 448 692 463 omnes
707 441 766 463 alias
777 448 819 470 per
829 441 931 463 eundem
947 441 960 453 ⁴*
976 441 990 453 ’θ
1006 440 1152 469 Episcopum
1168 444 1240 471 super

171 473 238 494 statu
254 473 278 494 et
293 471 406 500 regimine
422 471 584 500 predictorum
594 470 726 493 Scolarium
743 471 870 498 faciendas,
884 477 975 492 necnon
991 470 1089 493 Statuta
1104 469 1240 491 Communi-

170 501 228 524 tatis
245 501 374 523 eorundem
385 501 518 524 Seolarium
535 500 564 522 de
584 501 705 522 communi
722 502 746 523 et
764 501 871 522 unanimi
888 506 1004 522 consensu
1020 499 1085 521 edita
1100 500 1124 521 et
1140 497 1239 525 edenda,

172 532 197 553 et
223 530 421 553 ordinacionibus
450 530 527 559 ipsius
544 531 557 542 ἦ
578 531 591 543 ²*
609 530 720 559 Episcopi
746 537 794 552 non
819 530 944 558 contraria,
972 530 996 551 in
1013 536 1037 551 se
1062 529 1115 557 ipso
1140 527 1244 549 fideliter

172 560 317 588 observabit,
336 561 360 583 et
380 560 452 582 faciet
469 560 499 582 ab
518 559 570 582 aliis
587 566 630 588 pro
647 560 739 582 viribus
756 560 889 588 observari;
907 561 931 582 et
949 559 1014 588 quod
1029 559 1092 587 jura,
1110 557 1241 584 libertates,

172 591 196 612 et
206 590 366 619 possessiones
382 590 544 619 predictorum
555 589 695 617 Seolarium,
708 596 800 611 necnon
815 591 906 612 statum
917 589 993 618 ipsius
1004 588 1066 611 Aule
1077 590 1101 610 et
1112 586 1243 609 eorundem

170 620 310 648 Scolarium,
332 620 358 642 in
378 626 552 649 quemcumque
568 620 660 641 statum
675 619 804 647 devenerit,
825 626 879 641 vero
899 619 998 641 consilio
1017 620 1041 641 et
1058 617 1148 640 auxilio
1169 621 1243 638 manu.

170 649 262 672 tenebit
272 656 315 679 pro
326 649 418 672 viribus
429 651 453 672 et
464 649 582 672 desendet.

142 716 213 745 Quas,
237 716 341 745 quidem,
365 716 541 744 Ordinaciones,
564 723 606 745 per
637 715 772 744 predictum
789 716 802 728 ÷÷
819 716 832 728 ’θ
849 715 995 744 Episcopum
1025 715 1108 743 factas,
1141 712 1243 742 predicti

172 747 260 769 Rector
270 748 294 768 et
301 746 407 769 Scolares
419 746 447 768 de
459 746 603 775 Stapeldone
616 745 687 767 Halle
698 746 860 774 acceptarunt,
869 745 1040 774 approbarunt,
1050 746 1074 767 et
1085 751 1109 766 se
1120 744 1151 766 ad
1161 749 1244 766 earum

171 776 363 798 observacionem
374 776 580 804 obligarunt.—In
602 775 671 804 cujus
691 775 724 797 rei
741 775 906 797 testimonium
922 775 1024 804 predicti
1041 776 1054 787 ᾗ
1071 775 1084 787 '³‘
1100 774 1241 802 Episcopus,

171 806 267 833 Rector,
285 807 309 828 et
328 806 441 833 Scolares,
461 806 489 827 de
509 805 617 827 unanimi
636 812 752 827 consensu
769 812 859 833 eorum,
885 805 963 833 sigilla
980 811 1023 827 sua
1047 804 1103 826 huic
1122 803 1244 831 Scripture

171 836 259 864 apponi
275 835 524 858 fecerunt->Datum1
540 835 578 857 die
595 835 661 856 Lune
677 835 786 863 proxima
802 836 858 863 post
875 835 973 856 Festum
995 834 1075 856 Sancti
1092 833 1187 862 Georgii
1205 831 1245 862 [26

169 865 257 894 AprilJ,
270 866 341 887 Anno
352 865 450 887 Domini
462 865 589 887 Millesinio
601 864 763 887 tricentesimo
774 866 842 887 sexto
854 864 954 887 decimo.

93 907 141 947 &a
155 906 358 940 *ffiiziiaciolte
372 917 469 946 super
483 908 574 939 statu
589 907 619 938 ct
635 906 784 946 trgimiuc
800 906 1011 946 prehictorum
1026 905 1227 946 §solat-ium.

141 956 181 984 Et,
193 957 222 978 ut
242 956 286 978 hec
302 957 326 978 et
343 956 422 978 omnia
438 956 484 978 alia
501 956 562 978 circa
573 957 664 978 statum
681 957 705 978 et
721 956 922 978 sustentacionem
938 956 1101 984 predictorum
1112 955 1245 978 Scolarium

172 986 281 1008 ordinata
301 986 390 1008 suturis
416 986 565 1015 temporibus
591 985 691 1007 firmiter
712 985 875 1014 observentur,
903 986 974 1008 liceat
994 986 1112 1015 Episcopo
1138 984 1245 1006 Waltero

172 1015 301 1037 Exoniensi
312 1016 355 1044 qui
366 1022 430 1038 nunc
441 1018 484 1043 est,
495 1018 519 1038 et
530 1016 579 1037 suis
587 1015 768 1037 Successoribus
778 1015 902 1044 Episcopis
914 1015 1011 1044 Exouie,
1023 1022 1064 1044 per
1075 1022 1107 1044 se,
1121 1014 1159 1037 vel
1170 1014 1244 1036 alium

172 1052 244 1074 quem
260 1045 291 1067 ad
306 1045 352 1067 hoc
367 1045 463 1068 duxerit
479 1045 651 1074 deputandum,
666 1045 766 1074 singulis
782 1045 857 1073 annis,
871 1046 961 1067 statum
978 1045 1097 1067 dictorum
1113 1044 1244 1067 Scolarium

171 1075 259 1103 videre,
272 1082 299 1097 ac
315 1075 388 1097 eciam
406 1075 531 1098 raciocinia
547 1075 602 1097 anni
618 1075 774 1103 precedentis,
789 1082 835 1104 que
851 1075 1017 1104 compendiose
1028 1075 1051 1096 in
1064 1074 1159 1103 scriptis
1170 1073 1245 1102 redigi

174 1105 260 1133 voluit,
293 1105 393 1134 singulis
422 1105 490 1127 annis
516 1105 651 1132 revolvere;
679 1106 707 1127 ut
728 1105 762 1126 sic
783 1104 907 1127 certificari
927 1105 1005 1126 valeat
1030 1111 1102 1133 super
1127 1104 1247 1126 dictorum

173 1134 305 1157 Scolarium
321 1135 441 1163 regimine,
460 1136 484 1157 et
500 1135 603 1163 qualiter
614 1134 711 1157 Statum
727 1136 750 1156 et
762 1135 930 1157 Ordinaciones
947 1134 1049 1163 predicti
1060 1133 1173 1163 Episcopi
1184 1134 1245 1162 aput

173 1171 214 1186 eos
240 1164 329 1186 fuerint
355 1165 488 1192 observata,
514 1165 594 1193 sicque
620 1163 727 1192 neglecta
752 1165 844 1193 puniat,
868 1165 945 1186 errata
971 1164 1088 1192 emendet,
1110 1163 1246 1192 supplenda

173 1194 292 1223 suppleat,
306 1195 330 1216 et
341 1194 471 1216 seeundum
484 1195 560 1216 Deum
572 1195 595 1216 et
609 1194 732 1223 justiciam
748 1195 849 1223 corrigat
860 1193 1155 1223 corrigenda—Archiv&
1166 1193 1195 1221 os
1207 1192 1245 1215 tlae

171 1224 203 1246 D.
216 1223 268 1246 (md
280 1224 316 1252 CC,
325 1224 372 1246 No.
386 1224 537 1253 36257f0lz'os
548 1224 598 1252 178,
613 1223 673 1253 182}

144 1265 239 1288 Doubts
251 1265 339 1295 having
349 1267 426 1288 arisen
437 1273 462 1288 as
473 1268 499 1288 to
515 1266 556 1288 the
567 1266 750 1295 interpretation
762 1266 789 1288 of
802 1266 870 1289 these
881 1266 996 1295 Statutes,
1009 1267 1051 1288 the
1063 1265 1154 1294 Bishop
1165 1265 1246 1287 issued

174 1303 202 1318 an
215 1295 348 1318 Ordinance
364 1303 395 1318 ou
410 1297 452 1319 the
468 1296 511 1319 Sth
527 1296 554 1318 of
567 1297 644 1325 April,
658 1297 724 1325 1322,
737 1296 773 1319 for
788 1296 830 1319 the
847 1296 984 1319 settlenient
1001 1296 1027 1318 of
1040 1296 1081 1318 the
1094 1296 1150 1318 Five
1162 1295 1246 1317 Points

173 1325 307 1348 submitted
317 1327 343 1348 to
354 1326 412 1354 him,
427 1339 445 1342 -

204 1362 440 1387 L—“Declaranius
451 1364 516 1393 quod
532 1364 642 1393 habilior,
656 1364 836 1387 condicionibus
852 1364 962 1393 superius
979 1364 1107 1392 annotatis,
1120 1363 1150 1386 de
1166 1363 1247 1392 aliquo

265 1393 294 1415 de
305 1394 383 1416 tribus
394 1394 641 1416 Archidiaconatubus
652 1395 765 1423 predictis
777 1394 801 1416 in
814 1395 919 1416 Devonia
930 1401 1023 1422 semper
1033 1394 1086 1416 aliis
1098 1394 1245 1423 preferatur;

266 1423 377 1452 quodque
388 1424 492 1446 intencio
502 1424 643 1452 eligencium
654 1424 729 1453 magis
741 1424 771 1446 ad
782 1424 944 1452 ydoneitutem
954 1430 1052 1452 persone
1060 1424 1167 1453 eligende
1175 1430 1247 1452 quam

266 1453 296 1475 ad
316 1453 421 1482 aliquem
443 1454 533 1475 certum
556 1453 782 1476 Archidiacouatum
800 1454 828 1475 de
850 1453 964 1482 predictis
985 1453 1063 1475 tribus
1080 1453 1246 1475 Archidiacon-

266 1483 356 1505 atubus
383 1483 513 1511 dirigatur3
546 1484 570 1505 ct
595 1490 637 1512 per
663 1484 707 1506 hoc
734 1484 879 1506 consciencia
904 1483 1045 1512 eligeueiuru
1071 1483 1109 1505 vel
1138 1483 1246 1512 eligentis

266 1512 423 1535 infor-metm:
439 1513 506 1541 dum,
519 1514 607 1541 tamen,
621 1513 669 1535 sint
686 1514 739 1535 octo
751 1513 856 1535 Scolares
870 1513 898 1535 de
909 1513 1022 1542 predictis
1034 1512 1112 1535 tribim
1123 1512 1247 1535 Archidia-

267 1542 408 1571 conatubus,
421 1542 524 1570 duobus,
537 1544 580 1565 aut
590 1550 638 1565 uno
649 1543 788 1565 eorundum.

208 1571 340 1600 2.-Quod,
364 1572 385 1594 si
405 1572 486 1601 aliqua
506 1572 623 1594 dissencio
645 1573 677 1594 sit
698 1573 760 1595 inter
780 1573 905 1595 Rectorem
931 1572 1012 1601 ipsum
1038 1573 1062 1595 et
1088 1572 1193 1601 aliquem
1218 1572 1248 1594 de

268 1601 404 1624 Scolaribus
423 1602 568 1629 memoratis,
582 1609 610 1624 cx
628 1604 751 1624 contractu
769 1603 807 1624 vel
823 1603 899 1631 quasi,
913 1604 955 1625 aut
971 1609 1000 1624 ex
1016 1602 1103 1625 delicto
1116 1602 1154 1624 vel
1170 1602 1246 1631 quasi,

268 1632 348 1653 ortum
366 1631 463 1660 habeus,
484 1632 533 1654 sive
552 1632 640 1654 Recior
658 1632 690 1654 sit
707 1634 772 1654 actor
790 1633 839 1654 sive
855 1639 916 1660 reus,
935 1639 989 1654 cum
1007 1632 1057 1661 ipse
1074 1632 1099 1654 in
1115 1638 1187 1654 causa
1204 1638 1248 1654 sua

267 1661 364 1690 propria
376 1661 453 1690 judex
469 1668 519 1683 esse
535 1663 645 1690 nequeat,
658 1662 689 1684 ad
701 1662 840 1684 Canceuarii
855 1662 975 1691 judicium
991 1664 1027 1684 est
1043 1662 1067 1684 iu
1078 1668 1105 1684 eo
1116 1668 1173 1684 casu
1184 1661 1248 1684 licite

268 1691 437 1713 recurrendum
448 1698 453 1718 ;
471 1698 484 1713 a
493 1698 541 1720 quo
552 1691 668 1720 appellari
678 1692 768 1720 poterit
776 1692 796 1713 si
805 1693 921 1721 oporteat,
934 1692 996 1714 sicut
1006 1693 1042 1714 est
1053 1691 1077 1713 iu
1087 1691 1250 1714 Universitate

269 1720 398 1743 Oxoniensi
409 1723 558 1748 consuetum,
570 1723 593 1743 ct
605 1721 649 1743 hoc
660 1722 706 1743 nisi
717 1721 856 1750 hujusmodi
864 1721 1017 1743 dissensionis
1029 1721 1127 1743 materia
1138 1728 1180 1750 per
1186 1721 1250 1743 viam

270 1750 363 1772 arbitrii
381 1750 417 1772 vel
439 1751 619 1779 composicionis
640 1751 771 1773 amicabilis
792 1758 835 1780 per
855 1751 914 1773 alios
935 1751 1040 1774 Scolares
1061 1751 1167 1780 predicte
1187 1750 1250 1773 Aule

269 1780 359 1802 ibidem
369 1780 448 1802 valeat
458 1781 588 1808 terminari,
602 1781 667 1810 quod
678 1781 761 1809 utique
772 1781 895 1803 honestius
907 1782 930 1803 et
941 1781 1027 1803 utilius
1038 1782 1184 1810 reputamus.

208 1809 334 1837 ‘En—Quod
350 1816 431 1832 omnes
448 1810 553 1832 Scolares
568 1811 630 1832 infra
646 1810 764 1833 ambitum
779 1811 994 1833 Archidiaconatus
1010 1810 1187 1838 Cornubiensis,
1200 1810 1249 1832 sive

269 1840 299 1861 de
315 1841 396 1861 nostra
412 1840 461 1861 sive
477 1840 506 1861 de
523 1840 621 1862 alterius
638 1841 809 1869 cujuscumque
827 1840 1002 1862 Jurisdiccione
1020 1840 1137 1862 Peculiari
1154 1840 1249 1862 oriundi

269 1869 382 1921 eligistaqt,
400 1871 465 1898 sunt,
484 1871 508 1892 ct
527 1876 576 1892 esse
593 1870 688 1899 debent,
706 1872 734 1893 ut
751 1871 811 1899 puta
829 1870 858 1892 de
874 1870 1077 1892 Archidiaeouatu
1093 1869 1250 1892 Cornubiensi

269 1905 281 1921 e
292 1905 378 1927 igenci.

210 1928 335 1955 4.—Quod
357 1935 399 1957 per
419 1928 554 1951 absenciam
580 1929 681 1958 alicujus
703 1929 811 1958 Scolaris,
834 1936 877 1959 per
902 1930 975 1952 verba
996 1930 1087 1952 Statuti
1112 1930 1247 1958 premisssa,

270 1958 381 1980 videlicet
391 1965 434 1987 per
444 1960 547 1987 quatuor
563 1959 707 1988 septimanas
718 1966 761 1988 per
771 1966 867 1987 annum,
880 1959 954 1982 nichil
970 1960 1016 1982 sibi
1026 1960 1055 1982 de
1067 1960 1147 1982 deceni
1158 1959 1249 1987 solidis,

271 1988 295 2010 in
312 1988 357 2010 fine
374 1988 429 2010 anni
444 1988 609 2017 percipiendis
623 1989 760 2017 minuetum
776 1990 796 2012 si
812 1996 855 2012 sua
871 1989 980 2012 absencia
990 1991 1095 2019 quatuor
1105 1990 1250 2019 septimanas

95 2073 106 2090 ²
124 2076 170 2100 We
186 2082 227 2098 are
244 2077 290 2098 not
307 2075 360 2098 told
381 2075 463 2098 where.
499 2075 551 2098 The
572 2076 665 2107 Bishop
731 2077 781 2100 and
803 2077 875 2100 there
897 2085 938 2100 are
961 2085 993 2100 no
1011 2077 1113 2101 Entries
1140 2077 1179 2101 for
1206 2077 1251 2101 the

125 2115 176 2133 was
183 2110 209 2131 at
216 2108 357 2138 Faringdon
366 2107 467 2138 (Hauts)
479 2116 510 2131 on
518 2109 562 2131 the
572 2109 631 2131 leth
640 2109 666 2132 of
731 2109 890 2141 intervening
902 2110 971 2141 days.

127 2140 206 2172 April,
228 2140 277 2164 and
294 2141 320 2164 in
339 2140 444 2164 London
473 2149 506 2164 on
532 2141 575 2164 the
594 2141 663 2170 29th‚
