1328 2295
442 162 625 189 GENERAL
649 161 788 188 INDEX.
1122 147 1191 183 3¹77

97 238 226 291 Οῐὲξέἰῒοῖἆ
250 240 388 263 Ordimmce
402 240 447 269 fos·
467 240 504 262 the
525 239 691 267 Amzz'rersccry
712 239 741 267 of
758 238 794 261 che
818 238 887 260 Barth
907 237 959 260 (17ch
980 235 1034 260 obit
1054 235 1083 263 of
1101 233 1191 262 Bishop

156 276 199 298 ape
226 277 296 297 on,-

98 297 227 326 Universis,
250 301 304 327 etc,
329 300 455 327 Walterus,
479 301 533 327 etc„
561 299 670 326 salutem,
693 297 937 320 etr.—Inevitabilem
958 296 1021 318 diem
1046 294 1115 317 illum
1141 299 1189 321 quo

126 327 280 356 migrabimus
291 329 321 351 ab
332 329 376 351 hac
387 329 439 351 luce
450 329 538 351 talibus
555 328 666 357 operibns
681 327 778 356 expedit
793 327 921 356 prevenire,
940 325 1029 354 quibus
1044 324 1075 346 ad
1091 324 1188 345 interce-

126 357 230 380 dendum
248 365 290 387 pro
308 358 375 381 nobis
394 360 444 381 tam
465 358 489 380 in
506 359 555 381 vita
573 365 645 387 quam
662 359 716 386 post
733 358 861 379 transitum
880 356 1055 378 constituamus
1072 352 1187 375 obnoxios

126 386 251 410 debitores.
284 388 419 416 Cupientes,
438 388 517 416 igitur,
541 389 568 410 ut
585 387 666 409 dilecti
683 387 726 408 filii
746 387 878 413 Precentor,
902 384 1021 412 Canonici,
1044 382 1142 409 Vicarii,
1163 382 1188 414 et

127 416 196 438 ceteri
210 417 313 439 Ministri
325 418 427 440 Ecclesie
439 417 567 445 Collegiate
578 417 607 439 de
619 416 747 443 Criditone,
766 417 845 437 nostre
856 414 969 441 Diocesis,
987 420 1030 442 pro
1042 412 1129 435 collato
1140 410 1187 433 sibl

125 452 167 474 per
177 453 219 468 nos
231 453 334 475 munere,
347 454 445 469 suarum
456 448 590 469 oracionnm
602 453 645 468 nos
652 446 736 474 juvare
747 445 864 473 suffragiis
875 445 1001 466 teneantur
1016 441 1151 471 specialiter
1166 441 1190 474 et

126 475 218 504 obnixe,
232 476 314 498 habito
326 483 379 499 cum
391 477 483 498 dilectis
495 476 550 498 filiis
567 476 660 498 Decano
672 477 695 497 et
706 474 817 503 Capitulo
834 474 936 496 Ecclesia
949 474 1028 495 nostre
1040 470 1188 494 Cathedralls

125 505 264 528 Exoniensis
275 513 346 534 super
356 506 401 528 hoc
411 507 517 528 tractatu
532 505 640 534 diligenti
657 505 698 533 qui
715 504 844 533 requiritur
860 505 884 526 et
899 502 1024 531 solempni,
1040 501 1070 523 de
1081 500 1189 529 ipsorum.

125 535 232 557 unanimi
248 535 345 557 consilio
355 535 444 564 pariter
459 537 482 557 et
498 542 602 562 assensu,
620 535 736 556 decimam
751 533 869 556 theolonei
885 531 1045 562 provenientis
1060 530 1090 552 de
1108 529 1187 552 tribus

125 564 238 586 nundinis
255 565 340 587 annuis
356 565 420 593 apud
438 565 559 587 Criditone
577 564 680 591 usitatis,
703 570 804 592 quarum
822 563 889 590 dnaS,
912 561 999 584 nostris
1019 559 1142 583 laboribus
1164 559 1189 580 et

125 593 243 616 industria
258 594 426 621 mediantibus,
444 594 623 622 impetravimus
639 600 653 615 a
674 593 747 621 Regia
768 591 911 620 Majestatel,
928 590 1028 620 prefatis
1044 587 1186 621 Precentpri,

126 622 256 652 Canonicis,
275 624 383 651 Vicariis,
402 626 425 645 et
439 624 553 646 silinistris
563 623 626 645 dicte
639 623 740 644 Ecclesie
750 622 779 644 dc
791 622 920 648 Criditone,
938 620 1062 643 accedente
1078 617 1189 641 similiter

125 652 155 674 ad
166 652 191 675 id
202 653 347 675 Precentoris
358 655 382 675 et
394 653 500 682 Capituli
510 653 616 681 ejusdem
633 652 735 674 Ecclesie
753 652 781 673 dc
800 651 921 673 Criditone
937 649 1035 672 consilio
1046 649 1070 671 et
1081 653 1186 675 assensu,

125 688 196 710 quani
208 683 322 705 decimam
333 690 454 712 nunqnam
467 684 521 705 ante
533 683 575 704 hec
582 683 691 710 tempora
698 681 800 710 recipere
812 680 988 707 consueverant,
1001 677 1151 701 concedimus
1163 677 1187 698 et

124 711 198 734 eciam
217 712 370 740 assignamus,
384 713 507 741 ipsamque
526 712 642 734 decimam
653 718 666 733 a
678 718 758 733 mensa
768 711 848 732 nostra
860 709 995 738 Episcopali
1014 706 1142 730 Exoniensi
1159 705 1188 728 de

125 741 243 763 dictorum
264 742 352 764 Decani
373 744 397 764 et
418 742 525 770 Capituli
546 741 648 763 Ecclesie
669 741 748 762 nostre
774 739 913 762 Exoniensis
935 738 1032 761 consilio
1053 737 1142 766 pariter
1163 736 1187 757 et

126 777 222 793 assensu
234 778 382 800 separamus3
399 773 430 799 et,
444 778 497 793 cum
509 771 607 793 meliora
618 771 679 792 sicut
690 770 837 799 prediximus
844 768 1017 798 providerimus
1024 767 1048 789 in
1056 767 1100 789 hac
1110 766 1187 794 parte,

126 800 173 822 dici
184 807 231 822 11011
246 808 372 829 possumus
389 801 479 829 aliquid
496 801 616 822 alienasse.
651 800 695 822 Pro
712 800 755 821 hac
775 799 923 821 concessione
940 799 964 820 et
975 796 1141 825 assignacione,
1158 795 1188 816 de

126 830 245 852 (lictorum
266 831 354 852 Decani
375 832 398 852 et
419 830 525 859 Capituli
542 830 688 857 Exoniensis,
706 836 795 851 necnon
818 828 964 850 Precentoris
985 828 1009 849 et
1025 826 1063 848 sui
1081 824 1189 853 Capituli

127 859 297 882 Criditonensis
316 860 413 882 consilio
432 860 520 888 pariter
536 861 559 882 et
576 866 680 886 assensu,
700 859 844 887 precipimus
856 857 986 879 ordinando
997 855 1070 885 quod,
1089 854 1188 883 singulis

126 889 201 917 annis,
222 890 329 918 proximo
348 890 386 911 die
404 889 543 918 precedente
564 889 660 910 Festum
680 888 855 910 Purificacionis
872 887 945 909 Beate
956 885 1069 914 Virginis,
1082 891 1130 913 qno
1142 883 1188 912 die,

126 921 198 947 prout
209 926 237 941 ex
248 921 374 948 parentum
385 919 500 941 relacione
511 919 646 943 11141101111113,
656 925 669 940 a
678 918 789 940 maternis
796 917 925 939 visceribus
935 915 1049 944 segregati
1057 913 1189 943 priinordia

126 949 257 977 recepimus
273 949 345 977 hujus
361 949 429 976 lucis,
450 955 498 970 una
509 948 581 970 Missa
598 948 625 969 ‹le
642 949 728 969 bancto
751 947 843 975 Spiritu
859 953 902 975 pro
918 945 1009 967 salubri
1024 945 1090 967 statu
1108 944 1189 965 nostro

127 977 184 999 dum
192 978 328 1006 vixerimus,
338 979 362 1000 in
372 978 437 1000 dicta
444 978 548 999 Ecclesia
557 977 715 1000 Ciiditonensi
726 984 739 998 a
747 977 892 1003 Prccentore,
903 974 1035 1001 0000111018,
1046 973 1154 1000 Vicariis,
1163 973 1188 994 et

127 1008 210 1029 ceteris
223 1008 338 1030 Ministris
350 1008 424 1036 ipsius
436 1007 538 1029 Ecclesie
549 1007 703 1035 solempniter
714 1006 852 1028 celebretur.
886 1006 914 1027 Iu
925 1011 980 1033 qua,
993 1003 1097 1032 quidem,
1116 1002 1191 1024 Missa

126 1038 175 1059 tam
188 1044 230 1065 pro
241 1037 309 1059 nobis
321 1044 374 1059 cum
386 1037 427 1059 illa
439 1037 543 1059 Collecta
560 1037 628 1064 Κεφ,
650 1043 783 1064 quesumus,
805 1035 913 1062 Domine,
933 1034 1064 1056 Famzclzcm
1076 1034 1143 1055 tuum
1154 1031 1187 1054 N.

127 1067 265 1095 Pontificem
276 1069 390 1094 nostrum,
408 1068 458 1094 etc„
477 1073 587 1095 expresso
598 1066 692 1087 nomine
711 1067 791 1087 nostro
809 1065 913 1093 proprio,
933 1070 1004 1093 quarn
1018 1069 1062 1091 pro
1081 1061 1191 1084 omnibus

128 1096 334 1118 Predecessoribus
345 1097 439 1124 nostris,
451 1096 574 1124 Episcopis
583 1095 763 1122 Exoniensibns,
773 1101 826 1116 cum
839 1094 880 1116 illa
888 1093 993 1116 Collecta
1002 1092 1065 1114 Deus
1075 1091 1117 1120 qui
1127 1091 1191 1113 inter

127 1126 274 1154 Apostolicos
295 1126 437 1154 Sacerdotes,
460 1127 511 1152 etc„
534 1132 588 1147 cnm
609 1125 661 1146 aliis
683 1124 832 1146 oracionibus
854 1123 968 1145 ordinatis
989 1122 1019 1144 ab
1040 1120 1145 1143 Ecclesia
1165 1120 1190 1142 in

128 1155 393 1177 commemoracionibus
411 1155 550 1184 hujusmodi
568 1155 617 1176 suis
635 1154 693 1176 locis
712 1153 817 1175 dicendis
836 1153 885 1175 fieri
902 1152 1027 1175 memorias
1047 1150 1192 1180 precipimus

128 1185 247 1213 speciales.
281 1185 349 1212 Cum,
368 1186 455 1212 autem,
473 1184 655 1206 dissolueionem
674 1184 747 1205 nostri
766 1183 869 1210 corin-iris
886 1182 996 1204 attulerit
1015 1188 1064 1203 sors
1078 1180 1192 1206 humana,

130 1214 215 1237 Obitus
227 1215 302 1236 nostri
316 1214 366 1236 dies
384 1214 564 1236 Anniversarius
582 1214 605 1235 in
625 1213 705 1235 eadem
724 1213 827 1234 Ecclesia
839 1211 1005 1239 ‹Ji-iditonensi‚
1018 1217 1072 1233 cum
1084 1209 1191 1231 oracione

128 1244 193 1266 Dens
211 1244 421 1272 inclzclqenciarum.
437 1246 487 1271 etc„
508 1250 560 1265 cum
580 1243 633 1265 aliis
651 1243 856 1270 oracionibusque
875 1242 987 1263 secuntur
1003 1240 1033 1262 ad
1049 1238 1191 1267 obsequium

130 1273 290 1295 Anniversarii
310 1273 448 1302 hujusmodi
463 1273 577 1295 ordinatis
589 1272 618 1294 ab
630 1272 740 1299 Ecclesia,
759 1272 858 1300 vsingulis
870 1271 944 1299 annis,
962 1271 1077 1299 perpetuo
1092 1268 1193 1297 solemp-

129 1303 190 1325 niter
201 1303 338 1331 celebretur,
352 1304 414 1325 sicut
425 1310 468 1332 pro
479 1309 628 1331 quocumque
640 1302 763 1330 Episcopo,
777 1301 942 1323 predecessore
953 1301 1042 1327 nostro,
1053 1299 1076 1320 in
1087 1298 1191 1320 Ecclesia

130 1332 289 1355 Criditonensi
307 1333 414 1361 predicta
430 1332 480 1354 fieri
499 1332 644 1360 solempnius
662 1331 798 1358 consuevit3
823 1332 846 1352 et
862 1332 927 1358 tunc,
945 1331 1027 1357 eciam,
1045 1335 1088 1357 pro
1105 1327 1194 1349 nostris

130 1362 337 1384 Predecessoribus
358 1363 382 1384 et
402 1361 587 1388 Successoribus,
612 1361 736 1389 Episcopis
758 1360 939 1387 Exoniensibus,
962 1359 1005 1388 qni
1025 1360 1083 1380 tunc
1103 1357 1193 1379 fuerint

129 1392 234 1419 resoluti,
248 1399 300 1414 cnm
313 1391 419 1420 predicta
430 1391 536 1413 oracione
548 1391 614 1413 Devs
625 1390 666 1419 qm?
679 1390 740 1412 [nm
751 1390 897 1417 Apostolicos
907 1391 958 1417 eta,
970 1388 1084 1410 memoria
1094 1386 1193 1409 celebris

129 1421 250 1443 habeatur.
285 1421 378 1449 Statim,
392 1427 479 1448 autem,
492 1421 566 1442 finitis
578 1420 676 1448 singulis
688 1420 800 1441 nundinis
811 1420 834 1441 et
846 1420 950 1447 ipsarum
959 1418 1054 1447 placitis
1065 1416 1191 1445 expeditis,

130 1451 243 1473 decimam
264 1451 441 1479 provenientem
458 1451 486 1472 dc
504 1450 629 1472 theolonco
650 1450 675 1471 in
694 1449 781 1471 eisdem
801 1449 914 1470 nundinis
933 1449 1026 1476 recepto
1046 1445 1192 1469 Senescauus

129 1482 209 1503 nostor
220 1487 261 1503 seu
273 1480 418 1502 Successoris
432 1480 514 1507 nostri,
528 1479 570 1508 qui
584 1486 627 1508 pro
646 1482 752 1507 tempore
771 1479 849 1505 suerit,
865 1478 999 1500 Precentori
1015 1478 1039 1499 et
1054 1476 1149 1498 duobus
1163 1474 1194 1497 ad

130 1510 174 1532 hoc
184 1510 297 1538 eligendis
309 1510 409 1532 Vicariis
421 1509 523 1531 Ecclesie
534 1509 670 1537 supradicte
682 1509 709 1530 dc
722 1508 843 1530 Criditonc
854 1508 944 1529 solvere
955 1507 1054 1529 liberare
1067 1506 1091 1527 et
1102 1505 1193 1527 tradere

130 1541 254 1567 teneatur;
271 1540 313 1568 qni
332 1539 457 1561 Precentor
476 1540 499 1561 et
518 1538 607 1560 Vicarii
626 1538 701 1566 ipsam
723 1538 847 1566 pecuniam
868 1537 992 1565 recipiant,
1015 1535 1134 1564 colligant,
1158 1535 1189 1562 et,

130 1570 203 1591 donce
219 1569 298 1591 veniat
316 1570 411 1597 tempus
429 1568 606 1590 distribucionis
625 1569 653 1589 nt
670 1568 731 1589 infra
749 1567 857 1595 seqnitur
873 1566 985 1594 faciende,
998 1566 1063 1588 salvo
1080 1564 1193 1586 studeant

130 1599 264 1625 cnstodire3
281 1599 426 1626 peccuniam,
439 1605 501 1625 vero,
515 1598 548 1619 sic
560 1597 689 1625 collectam,
703 1597 841 1618 adveniente
860 1596 897 1618 die
916 1603 962 1624 quo
975 1596 1049 1617 Missa
1064 1594 1092 1616 de
1104 1594 1190 1616 Sancto

129 1628 219 1657 Spiritu
232 1628 268 1650 vel
280 1628 461 1649 Anniversarins
472 1627 558 1649 Obitus
570 1627 644 1648 nostri
655 1627 717 1648 sicut
729 1626 876 1654 premittitur
888 1625 999 1647 celebrari
1010 1624 1102 1651 debeat,
1111 1623 1193 1645 taliter

129 1658 240 1680 distribui
251 1657 361 1679 volumus
373 1659 397 1679 et
408 1657 480 1679 eciam
492 1657 636 1684 ordinamus,
648 1657 681 1684 ut,
693 1656 816 1677 canonicis
828 1656 903 1684 ipsius
916 1655 1017 1677 Ecclesie
1028 1654 1057 1675 de
1069 1653 1190 1676 Criditone

129 1689 152 1709 et
163 1687 264 1709 Sacrista
274 1687 315 1715 qni
328 1687 465 1715 hujusmodi
477 1686 548 1708 Misse
561 1686 588 1707 de
600 1686 685 1708 Sancto
697 1686 788 1714 Spiritu
800 1685 835 1706 vel
848 1685 974 1713 obsequiis
990 1683 1065 1705 nostri
1076 1683 1190 1705 Anniver-

129 1717 185 1739 sarii
203 1717 348 1745 Vespertinis
365 1718 388 1738 et
406 1716 477 1738 Misse
494 1716 518 1737 in
534 1716 636 1737 crastino
654 1716 773 1743 presentes
790 1715 887 1742 suerint,
908 1714 1006 1742 singulis
1025 1712 1130 1741 singulos
1150 1718 1191 1734 sex

130 1746 236 1768 denarios
248 1746 447 1774 percipientibus3
464 1752 533 1774 aque,
546 1752 607 1772 vero,
620 1744 708 1773 bajulis
723 1744 822 1772 singulis
838 1743 942 1772 singulos
953 1743 1061 1765 denarios
1077 1741 1190 1770 recipien-

128 1776 208 1803 tibus;
225 1777 303 1798 totum
315 1776 436 1797 residuum
448 1775 509 1797 inter
520 1775 626 1796 Vicarios
637 1774 679 1803 qui
695 1775 719 1795 in
730 1774 800 1796 dictis
812 1774 885 1795 Missa
897 1773 933 1795 vel
944 1772 1070 1801 Obsequiis
1081 1772 1105 1793 et
1116 1771 1190 1793 Missa

129 1807 201 1834 prout
218 1805 341 1827 diversitas
358 1804 471 1833 temporis
490 1804 593 1832 exegerit
610 1805 730 1832 presentes
747 1803 843 1831 fuerint,
857 1804 952 1831 propter
969 1803 1076 1831 ipsorum
1094 1801 1119 1823 in
1135 1801 1188 1823 aliis

129 1835 249 1863 porciones
257 1835 359 1862 exiguas,
369 1841 427 1863 quas
436 1835 532 1856 eatenus
540 1834 691 1862 augmentare
698 1833 816 1861 cupimus,
825 1833 891 1861 equis
899 1831 1051 1861 porcionibus
1058 1831 1188 1853 dividatur.

130 1864 172 1892 Ut,
190 1866 277 1891 autem,
294 1864 433 1892 hujusmodi
446 1865 527 1885 nostra
547 1863 677 1890 Concessio,
691 1863 836 1890 Assignacio,
850 1862 998 1890 Preceptmn,
1015 1860 1149 1888 Ordinacio,
1166 1861 1191 1882 et

129 1894 247 1915 Voluntas
263 1895 416 1922 permaneant
431 1893 489 1915 totis
505 1893 652 1921 temporibus
664 1893 810 1919 inwiicussa,
823 1892 927 1919 sigillum
942 1892 1057 1918 nostrum,
1071 1897 1119 1912 una
1135 1896 1190 1912 cum

130 1923 213 1951 sigillis
229 1924 279 1945 tam
290 1923 377 1945 Decani
392 1924 415 1945 et
432 1922 537 1951 Capituli
553 1922 655 1944 Ecclesie
668 1922 747 1943 nostre
764 1921 902 1943 Exoniensis
916 1927 987 1949 quam
1004 1919 1150 1942 Precentoris
1166 1920 1191 1941 et

131 1952 236 1981 Capituli
259 1952 389 1974 Criditouie
410 1952 562 1974 Presentibns
583 1953 618 1973 est
636 1951 896 1980 appensum—Datum
915 1950 1011 1977 Exonie,
1034 1950 1059 1971 in
1078 1949 1190 1978 Capitulo

131 1982 233 2004 Ecclesie
249 1981 395 2004 Cathedralis
407 1982 461 2004 Loci
472 1981 586 2010 ejusdcm,
599 1981 710 2003 vicesimo
725 1981 809 2009 quinto
824 1980 862 2002 dic
873 1980 960 2002 niensis
972 1979 1102 2007 Februarii,
1121 1979 1192 2001 Anno

46 2100 54 2114 ¹
71 2101 120 2123 The
140 2101 196 2123 fairs
218 2108 276 2123 were
298 2108 328 2123 011
348 2101 389 2123 the
412 2101 493 2123 Feasts
515 2101 541 2122 of
555 2100 590 2123 St.
676 2100 702 2122 of
716 2107 759 2122 onr
770 2100 850 2129 Lady:
867 2100 909 2122 the
927 2099 1020 2122 market
1035 2105 1083 2121 was
1099 2098 1154 2120 held
1165 2105 1196 2120 on

75 2131 200 2159 Laurence,
214 2130 248 2153 St.
263 2132 360 2159 George,
373 2130 420 2153 and
430 2130 471 2153 the
484 2130 593 2159 Nativity
676 2129 717 2152 the
729 2129 854 2158 Saturday.
887 2129 994 2158 (Oliver.)
1026 2129 1067 2151 See
1078 2135 1136 2157 page
1144 2127 1196 2153 373.

197 2174 218 2197 Ζ
