1328 2295
70 153 140 189 136
256 166 334 193 THE
360 166 544 193 REGISTER
573 166 621 192 OF
647 162 789 191 BIsHOP
816 162 1051 191 STAPELDON.

169 242 277 267 Ecclesie
290 243 428 267 Parochiali
439 244 471 267 de
483 243 651 272 Axeminstre,
665 245 751 267 nostre
763 242 881 272 Diocesis,
900 251 914 266 a
926 249 976 272 qua
988 241 1101 273 predicta
1113 240 1229 270 Ecclesia,

169 275 221 299 sive
243 276 351 307 Capella,
371 277 403 300 de
424 277 551 300 Memburi
573 276 667 299 dicitur
687 284 739 299 esse
762 276 913 306 dependens,
937 275 1039 304 aliquod
1061 273 1230 305 prejudicium

170 308 256 332 illicite
267 312 407 339 generetur.
443 309 588 338 Quinimmo
600 309 648 332 sub
657 309 701 332 tali
713 309 788 331 modo
798 311 824 332 et
835 308 880 331 tali
892 308 1034 331 intencione
1043 308 1074 330 ad
1083 306 1231 337 hujusmodi

170 340 342 365 Dedicacionis
360 341 469 365 officium
485 342 655 372 procedemus,
673 341 741 370 quod
758 341 816 371 jura
831 341 942 371 predicte
960 340 1110 364 Parochialis
1123 339 1232 362 Ecclesie

170 374 201 396 de
213 373 374 398 Axeminstre
386 375 412 397 in
425 374 536 405 predicta
549 374 665 403 Ecclesia,
678 374 729 397 sive
746 374 853 404 Capella,
872 374 903 397 de
916 373 1049 402 Memburi,
1061 374 1187 403 quantum
1199 372 1231 395 ad

171 406 320 436 hujusmodi
344 407 547 437 dependenciam,
571 407 679 430 decimas
705 406 811 436 majores
839 408 864 429 et
894 406 1009 435 minores,
1037 405 1177 429 oblaciones
1208 406 1234 428 et

171 438 342 469 obveneiones,
366 440 432 463 sicut
454 439 531 470 prius,
555 439 591 462 ita
614 439 640 462 in
666 441 802 469 posterum,
826 438 922 462 illibata
944 440 1097 467 remaneant,
1121 437 1233 468 predicta

171 471 336 495 Dedicacione
353 480 404 495 non
423 472 545 495 obstante.
582 472 680 500 Quibus
698 471 738 494 die
756 474 782 494 et
801 471 854 494 loco
871 473 1066 501 comparuerunt
1078 470 1195 493 Warinus
1207 471 1234 492 et

171 504 293 528 Ricardus
311 505 343 528 de
360 504 477 535 Raleghe,
498 505 585 528 Simon
603 505 634 527 de
651 504 731 533 Yarti,
749 504 901 534 Reginaldus
917 504 948 527 de
967 503 1036 533 Hele,
1056 503 1183 527 ,Iohannes
1201 502 1232 525 de

171 537 305 566 Memburi,
326 536 470 560 willelmus
488 539 529 560 ate
547 537 654 566 Watere,
676 539 701 560 et
721 539 811 567 sponte
830 538 1034 567 manuceperunt,
1053 538 1079 559 et
1095 543 1121 559 se
1138 535 1233 558 solvere

171 570 348 599 promiserunt,
377 578 421 600 pro
455 578 481 593 se
510 572 536 593 et
564 569 719 600 parochianis
748 569 857 592 Ecclesie
888 569 939 592 sive
969 568 1069 599 Capelle
1097 568 1231 597 antedicte,

171 602 373 632 procuracionem
410 602 492 626 eidem
521 602 630 625 Domino
659 604 686 625 et
713 602 765 625 suis
794 602 906 625 debitam
933 601 1031 625 racione
1059 600 1232 624 Dedicacionis

172 635 290 664 predicte,
303 635 447 666 judicialem
459 643 534 665 super
546 635 592 658 hoc
603 634 856 665 condempnacionem
869 634 1013 658 subeuntes.

139 666 241 690 Eisdem
263 668 340 691 eciam
358 668 398 691 die
416 670 441 691 et
458 668 519 697 loco,
538 670 733 698 comparuerunt
752 667 844 697 prefati
856 667 981 696 Warinus,
994 666 1123 695 Ricardus,
1136 666 1231 696 Simon,

172 700 333 731 Reginaldus,
354 703 380 724 et
397 700 531 729 Johannes,
550 703 576 724 et
593 700 770 731 promiserunt,
788 708 832 730 pro
850 708 876 723 se
888 702 914 723 et
926 699 1080 730 parochianis
1092 699 1233 728 antedictis,

173 733 267 756 solvere
285 733 383 763 prefato
401 733 510 757 Domino
531 733 616 756 decem
636 733 713 756 libras
733 733 910 763 sterlingorum
927 733 954 755 in
971 732 1112 755 subsidium
1130 731 1188 761 litis,
1213 731 1234 754 si

172 773 255 796 quam,
274 766 401 789 occasione
420 766 591 789 Dedicacionis
609 766 727 796 predicte,
745 773 759 788 a
777 772 936 796 quocumque
954 767 1040 788 contra
1062 772 1122 788 eum
1137 764 1233 787 moveri

172 799 308 829 contingat,
317 801 343 822 et
354 798 532 822 nichilominus
541 798 609 827 quod
620 800 671 821 tres
679 798 718 821 vel
728 800 844 828 quatuor,
853 798 937 828 plures
952 800 997 821 aut
1008 797 1136 828 pauciores
1145 798 1230 826 testes,

171 833 247 861 prout
256 831 382 861 optimum
391 831 526 860 videbitur,
536 831 689 861 ubicumque
698 831 832 854 dumtaxat
841 831 867 853 in
875 830 965 861 Anglia
974 838 1072 854 necesse
1080 830 1165 859 fuerit,
1173 837 1232 853 cum

171 871 247 894 super
258 864 304 887 hoc
313 864 410 888 fuerint
421 872 529 894 congrue
541 864 685 894 premuniti,
696 863 747 886 suis
759 863 903 894 sumptibus
916 864 1064 894 producent,
1073 863 1100 886 in
1112 864 1233 886 eventum

171 896 320 927 hujusmodi
337 897 396 925 litis,
415 897 447 920 ad
464 896 623 927 probandum
640 896 822 926 impedimenta
839 898 865 919 et
885 896 994 926 pericula
1006 895 1092 926 quein
1106 895 1232 918 delacione

170 929 291 952 funerum
313 929 522 960 parochianorum
544 929 610 952 dicte
634 929 750 958 Ecclesie,
778 928 830 952 sive
854 929 960 959 Capelle,
983 929 1015 952 de
1044 928 1172 951 Memburi
1199 928 1232 951 ad

171 962 308 985 Ecclesiam
332 962 363 985 de
386 962 548 985 Axeminstre
571 960 692 985 hacten'us
716 961 881 992 contigerunt.
917 961 958 984 Ad
981 961 1050 992 quod
1072 961 1229 990 solvendum,

170 995 369 1024 producendum,
390 996 416 1018 et
438 995 589 1024 faciendum,
611 996 641 1017 ut
661 994 826 1025 premittitur,
850 994 941 1025 prefati
959 994 1084 1023 Warinus,
1103 994 1231 1023 Ricardus,

171 1027 266 1057 Simon,
295 1027 456 1058 Reginaldus,
486 1029 512 1050 et
540 1027 674 1056 Johannes,
704 1027 735 1050 de
763 1027 875 1057 ipsorum
903 1034 1019 1057 expressa
1047 1026 1178 1050 voluntate
1207 1028 1232 1049 et

170 1060 300 1090 peticione,
313 1062 340 1083 et
351 1068 437 1083 eorum
456 1060 555 1090 singuli,
568 1060 594 1082 in
611 1060 720 1083 solidum
738 1059 876 1083 extiterant
893 1059 1075 1090 condempnati.
1112 1059 1153 1089 Et,
1173 1059 1233 1089 quia

170 1093 219 1115 iter
247 1093 322 1123 vulgo
351 1095 405 1116 erat
437 1101 481 1123 per
515 1092 626 1115 medium
655 1092 716 1115 dicti
746 1092 875 1121 Cimiterii,
909 1092 1043 1123 ipsumque
1072 1091 1231 1116 Cimiterium

170 1125 366 1156 circumquaque
381 1128 458 1156 prout
474 1125 611 1148 honestum
628 1127 681 1148 erat
693 1132 743 1148 non
756 1125 875 1148 extiterat
886 1125 950 1148 bene
965 1125 1085 1153 clausum,
1099 1126 1233 1155 essentque

171 1158 240 1181 Libri
260 1158 354 1181 ibidem
375 1160 428 1181 tam
446 1158 609 1181 matutinales
629 1165 706 1188 quam
726 1157 845 1186 Missales,
869 1157 968 1181 duobus
989 1157 1138 1181 Gradalibus
1158 1157 1231 1180 dum-

170 1192 242 1213 taxat
260 1191 377 1221 exceptis,
397 1191 583 1218 insufficientes,
605 1192 631 1213 et
649 1190 690 1213 alii
714 1190 829 1213 nonnulli
849 1190 970 1218 defectus,
995 1192 1048 1213 tam
1068 1190 1094 1213 in
1116 1190 1231 1213 Caneello

171 1230 247 1252 quam
266 1223 292 1246 in
311 1223 376 1246 Navi
396 1223 475 1254 ipsius
500 1222 609 1246 Ecclesie
630 1225 691 1246 tunc
710 1223 809 1253 reperti,
833 1223 945 1253 precepit
966 1223 1034 1246 idem
1057 1222 1182 1246 Dominus
1205 1224 1232 1246 et

170 1255 283 1286 injunxit
301 1258 354 1279 tam
366 1256 478 1279 Rectoris
490 1256 588 1279 Vicario
606 1263 683 1286 quam
700 1255 855 1286 parochianis
872 1256 974 1283 ibidem,
993 1255 1098 1286 singulis
1115 1255 1231 1279 videlicet

170 1296 265 1317 eorum,
278 1291 404 1319 quatenus
417 1296 458 1312 eos
470 1289 581 1311 attinent
593 1296 637 1311 seu
650 1288 794 1318 contingere
811 1290 940 1318 poterunt,
959 1288 1028 1318 quod
1040 1291 1093 1311 tam
1105 1288 1230 1319 predictos

169 1321 283 1344 defectus
297 1329 373 1351 quam
386 1324 481 1345 ceteros
493 1329 579 1344 omnes
591 1323 617 1344 et
629 1321 739 1351 singulos
752 1321 818 1344 dicte
831 1321 947 1350 Ecclesie,
964 1321 1016 1344 sive
1028 1321 1135 1351 Capelle,
1153 1320 1175 1344 si
1186 1320 1231 1351 qui

170 1353 228 1383 fuit,
249 1356 400 1384 repararent,
420 1354 570 1383 invenirent,
588 1356 614 1376 et-
631 1354 789 1384 corrigerent,
804 1353 867 1376 citra
885 1354 989 1377 Festum
1005 1354 1099 1377 Pasche
1114 1353 1230 1384 proximo

170 1388 324 1415 secuturum,
341 1387 388 1410 sub
406 1394 470 1417 pena
487 1387 573 1409 decem
593 1385 721 1415 librarum,
740 1386 917 1409 solvendarum
934 1386 966 1409 ad
978 1386 1107 1409 Fabricam
1120 1386 1229 1409 Ecclesie

170 1419 242 1442 Beati
262 1419 331 1442 Petri
352 1419 508 1448 Exoniensis,
521 1419 560 1442 vel
580 1419 612 1442 ad
633 1419 710 1442 alium
728 1418 800 1449 pium
820 1426 902 1447 usum,
921 1421 998 1449 prout
1014 1419 1082 1442 idem
1104 1419 1229 1442 Dominus

170 1451 272 1474 duxerit
289 1451 464 1475 ordinandum.
501 1451 547 1480 Ita,
569 1451 692 1480 videlicet,
711 1452 780 1481 quod
799 1451 820 1474 si
837 1451 979 1482 predictum
1002 1452 1051 1475 iter
1070 1454 1142 1475 extra
1161 1451 1229 1475 idem

170 1484 329 1507 Cimiterium
353 1486 524 1515 competenter
547 1484 632 1507 haberi
660 1492 711 1507 non
738 1484 838 1514 poterit,
867 1484 931 1507 fiant
958 1486 1030 1515 porte
1053 1484 1178 1513 cadentes,
1202 1486 1229 1507 et

168 1517 314 1540 claudentes
332 1525 407 1547 supra
426 1519 502 1547 rotas,
522 1524 566 1548 per
586 1517 654 1540 idem
676 1517 841 1547 Cimiterium,
861 1517 905 1540 ubi
923 1517 1002 1548 magis
1019 1517 1147 1541 videbitur
1164 1517 1228 1548 opti-

167 1556 257 1579 mum,
276 1551 329 1574 113.

567 1593 640 1621 A.D.
661 1593 736 1621 1318.

134 1635 620 1665 SAMPFORD-PEVERELL,Duodecimo
642 1636 682 1659 die
705 1635 798 1659 mensis
817 1635 918 1667 Aprilis,
942 1636 1067 1660 Dominus
1090 1636 1228 1668 Episcopus

165 1668 292 1692 dedicavit
304 1668 439 1691 Ecclesiam
451 1669 482 1691 de
494 1668 634 1692 Saunfcrde
672 1667 741 1692 1261).

134 1701 390 1730 mmmm'rerem
402 1701 499 1724 decimo
511 1701 551 1724 die
564 1701 677 1731 ejusdem
690 1702 789 1731 mensis,
808 1702 924 1725 videlicet
935 1702 962 1725 in
974 1702 1089 1732 crastum,
1102 1702 1227 1726 Dominus

165 1734 304 1764 Episcopus
316 1733 441 1757 dedicavit
453 1734 589 1757 Ecclesiam
601 1736 627 1757 et
640 1734 798 1758 Cimiterium
810 1735 841 1758 de
854 1735 977 1764 Lomene,
996 1735 1053 1759 ibid.

133 1766 454 1795 BUTTERLE1on,Quarto
484 1766 579 1789 decimo
608 1766 648 1789 die
677 1767 782 1796 predicti
810 1768 903 1791 mensis
931 1767 1056 1791 Dominus
1085 1767 1223 1799 Episcopus

166 1799 291 1822 dedicavit
304 1799 464 1822 Cimiterium
476 1799 585 1822 Ecclesie
597 1799 628 1822 (le
640 1799 783 1829 Boterleigh
818 1799 875 1823 ibid.

132 1832 470 1860 ItherIGNTON,Primo
488 1832 528 1854 die
545 1832 638 1855 mensis
656 1832 722 1861 Maii,
749 1832 874 1856 Dominus
891 1832 1017 1857 dedicavit
1033 1832 1117 1864 Majus
1136 1833 1224 1857 Altare

166 1864 274 1887 Ecclesie
286 1864 436 1887 Parochialis
449 1864 479 1887 de
492 1864 638 1895 Teyngtone
650 1865 739 1895 Regis
759 1865 817 1888 ibid.

132 1896 385 1925 IPPLEPEN,Tercio
402 1897 442 1919 die
460 1897 552 1920 mensis
566 1897 631 1926 Maii,
656 1897 780 1920 Dominus
793 1897 931 1928 Episcopus
951 1898 1077 1922 dedicavit
1089 1899 1225 1923 Summum

165 1929 252 1952 Altare
265 1929 374 1952 Ecclesie
387 1929 536 1952 Parochiaiis
549 1930 580 1952 de
593 1930 727 1960 Ipplepene
762 1929 821 1953 ibid.
974 1952 976 1955 ,

131 1962 409 1990 TOWNsrALQu.11to
433 1962 529 1984 decimo
559 1962 599 1985 die
629 1962 721 1985 mensis
750 1962 818 1992 Maii,
847 1963 972 1987 Dominus
995 1964 1121 1988 dedicavit
1140 1964 1224 1995 Majus

163 1994 249 2017 Altare
262 1994 370 2017 Ecclesie
382 1994 412 2017 de
425 1994 552 2017 Tonstalle
565 2002 570 2023 3
590 1995 643 2019 127.

132 2027 368 2056 sinemusSexto
397 2027 493 2049 decimo
522 2027 562 2050 die
591 2027 683 2050 mensis
705 2027 820 2058 predicti,
846 2028 913 2052 idem
937 2029 1062 2053 Dominus
1085 2029 1224 2061 Episcopus

163 2059 287 2082 dedicavit
299 2059 350 2089 Maj
355 2067 383 2082 us
395 2059 481 2082 Altare
495 2059 603 2082 Ecclesie
615 2060 646 2083 dc
659 2060 777 2090 Slaptone
813 2060 871 2084 ibid.

130 2091 441 2120 TAVISToCK,Vicesim)
459 2092 540 2122 primo
557 2092 597 2115 (lic
615 2092 707 2116 mensis
725 2093 791 2123 Maii,
810 2094 934 2118 Dominus
950 2095 1076 2119 dedicavit
1088 2095 1225 2120 Ecclesiam

159 2125 328 2148 Parochialem
340 2125 371 2148 cle
382 2125 538 2155 Tavystoche
577 2124 634 2149 ibid.
