1328 2295
107 145 180 181 340

311 159 389 184 THE
407 160 590 185 REGISTER
609 161 657 186 OF
674 160 813 186 BlSHOP
831 161 1061 187 STAPELDON.

196 221 321 245 humiliter
338 223 485 253 supplicavit
503 225 616 253 quatinus
635 225 774 253 hujusmodi
791 225 927 247 Cantariam
943 225 1060 247 fundandi
1071 224 1204 247 Licenciam
1215 223 1261 247 sibi

196 252 330 281 concedere,
343 253 467 282 ipsamque
484 254 608 276 fundatam
626 254 770 282 confirmare,
783 261 810 276 ac
826 254 958 283 predictam
970 254 1099 276 Ecclesiam
1114 261 1158 283 pro
1169 254 1260 276 susten-

196 281 289 304 tacione
307 282 447 311 hujusmodi
464 283 647 313 capellanorum
668 284 786 312 assignare
807 291 849 306 seu
870 284 947 306 eidem
968 284 1077 306 Cantarie
1099 283 1259 312 appropriare,

196 310 369 335 interveniente
380 313 487 341 Capituli
504 314 579 335 nostri
598 314 696 335 consilio
713 315 737 336 et
753 320 858 341 assensu,
872 314 1015 336 auctoritate
1027 313 1145 336 ordinaria
1155 313 1260 342 dignare-

196 347 264 369 mur;
280 348 371 364 necnon
389 342 451 365 circa
466 343 571 371 ipsorum
585 343 766 372 Capellanorum
784 344 882 371 statum,
896 343 991 372 qualem
1004 343 1029 365 in
1040 343 1105 365 dicta
1116 342 1227 365 cantaria
1237 343 1261 365 et

198 376 268 399 quem
278 371 378 399 gradum
387 372 449 394 inter
460 379 483 394 se
493 372 599 394 obtinere
608 372 710 394 debeant
717 373 822 395 statuere
833 379 876 394 seu
883 373 998 401 ordinare,
1007 373 1070 395 sicut
1077 372 1145 395 nobis
1152 378 1164 394 e
1200 371 1262 394 edire

196 400 318 422 videretur
328 403 351 423 et
363 402 470 429 ipsorum
481 401 601 424 honestati
612 403 758 430 congrueret,
771 409 914 424 curaremus.
947 402 1006 430 Nos,
1015 402 1104 431 itaque,
1113 402 1179 424 atten
1197 402 1261 423 entes

196 429 236 458 pie
253 430 388 453 devocionis
407 431 517 453 affectum
538 438 586 460 quo
603 431 700 453 Domini
715 431 731 453 J
734 431 841 459 ohannis,
861 431 947 454 Militis
963 431 1073 460 predicti,
1090 431 1115 453 in
1132 432 1177 453 hac
1194 431 1262 459 parte

196 459 287 481 viscera
297 463 484 488 commoventur,
495 468 522 483 ac
532 461 612 489 ipsum
620 461 770 490 exigentibus
781 461 872 483 meritis
879 461 959 483 favore
965 460 1076 483 benivolo
1082 461 1260 489 prosequentes,

197 488 274 517 ipsius
285 490 504 518 supplicacionibus
515 490 677 512 exaudicionis
688 490 798 519 graciam,
806 491 923 519 quantum
935 497 990 513 cum
996 490 1047 513 Deo
1057 496 1186 519 possumus
1197 490 1221 512 et
1231 489 1262 512 ad

198 524 242 540 nos
262 519 374 547 pertinet,
394 520 505 548 cupimus
523 520 647 548 impertiri.
682 520 781 548 Habito,
801 520 883 548 igitur,
902 526 974 548 super
989 520 1034 542 hoc
1054 526 1109 542 cum
1127 519 1222 541 Decano
1239 519 1263 541 et

199 548 311 576 Capitulo
322 550 403 571 nostro
412 549 538 571 Exoniensi
549 549 670 571 communi
681 550 787 572 tractatu
797 550 822 571 et
831 549 949 578 solempni
960 549 1002 578 qui
1011 549 1141 578 requiritur
1150 548 1260 577 pleniori,

200 577 229 600 de
239 578 346 606 ipsorum
358 579 457 601 consilio
473 580 497 601 et
512 585 617 607 assensu,
630 579 706 601 eidem
716 579 733 601 J
735 579 829 607 ohanni,
841 578 960 601 fundandi
976 578 1111 601 Cantariam
1127 577 1265 606 hujusmodi

197 608 310 635 primitus
327 614 437 630 concessa
454 608 560 636 licencia,
573 609 649 637 ipsam
667 609 700 630 sic
716 608 843 630 fundatam
858 608 1001 630 auctoritate
1011 608 1130 630 ordinaria
1140 607 1261 629 confirma·

197 643 267 664 mus,
294 638 427 660 statuentes
453 639 477 660 et
510 638 647 660 ordinantes
668 637 733 667 quod
759 637 869 660 Officium
895 637 1096 666 Archipresbiteri
1121 637 1153 659 sit
1178 636 1263 659 amodo

197 668 342 695 perpetuum
353 667 377 689 in
389 667 484 695 eadem;
501 667 543 695 ita,
556 667 675 695 videlicet,
686 667 751 696 quod
759 674 821 689 unus
833 667 1016 696 Capellanorum
1031 666 1179 695 hujusmodi,
1192 672 1264 695 quem

197 696 431 725 Archipresbiterum
442 703 469 719 eo
481 697 546 726 quod
557 697 610 719 aliis
625 697 764 725 presbiteris
774 697 862 725 preerit
873 696 1031 719 servientibus
1041 696 1140 724 ibidem,
1151 695 1263 717 volumus

197 725 315 747 nominari
326 726 395 748 nobis
406 728 430 749 et
441 726 621 749 Successoribus
632 726 720 749 nostris
729 726 772 755 qui
782 733 825 755 pro
836 727 942 754 tempore
958 726 1056 754 fuerint,
1069 726 1188 754 quociens,
1202 725 1261 747 Sede

197 754 327 777 Exoniensi
342 762 389 777 non
400 757 506 784 vacante,
519 755 677 784 preficiendus
691 755 772 783 fuerit,
785 762 827 784 per
843 755 935 778 dictum
950 755 1080 777 Dominum
1091 755 1107 777 J
1110 754 1226 777 ohannem
1238 755 1263 777 et

196 783 295 806 heredes
315 791 379 813 suos,
402 785 518 807 Dominos
538 785 639 807 Manerii
665 785 695 807 de
716 785 883 813 Fentengolen‚
906 784 970 813 quod
996 784 1026 807 ab
1052 784 1157 806 Ecclesia
1182 785 1263 806 nostra

197 813 327 836 Exoniensi
345 815 441 836 tenetur
457 815 482 836 in
499 814 603 842 feodum,
627 814 658 836 ad
675 814 741 843 quod
761 814 895 836 Manerium
914 814 1049 836 Advocacio
1068 814 1143 843 ipsius
1160 813 1264 836 Ecclesie

197 843 309 871 pertinet,
317 845 468 872 presentetur
476 851 482 871 ;
499 844 541 873 qui
548 845 599 866 tam
606 843 636 865 ad
643 843 781 871 hujusmodi
789 843 1035 872 Archipresbiteratus
1043 843 1146 865 officium
1155 850 1228 872 quam
1236 842 1266 865 ad

197 878 278 894 curam
289 874 314 895 et
324 873 428 902 regimen
438 873 514 901 ipsius
522 873 667 895 Parochialis
674 873 784 901 Ecclesie‚
798 880 870 902 quam
881 873 911 895 ad
919 879 1015 901 presens
1022 874 1145 895 vacantem
1156 872 1263 901 ejusdem

196 901 371 930 presbiteratus
388 902 463 925 officio
481 909 525 931 pro
542 903 718 925 sustentacione
736 903 812 931 ipsius
824 902 1024 931 Archipresbiteri
1042 903 1067 924 et
1077 902 1178 924 aliorum
1188 902 1263 924 trium

196 930 381 960 Capelianorum
391 932 582 961 appropriamus,
592 933 617 954 et
627 932 716 954 eisdem
725 932 931 961 Archipresbitero
943 936 967 954 et
975 931 1109 960 capellanis
1120 932 1145 953 in
1155 931 1263 960 proprios

196 967 256 982 usus
272 961 348 990 ipsius
360 961 470 989 Ecclesie,
489 962 514 983 in
532 968 580 990 qua
594 961 637 983 hac
656 962 778 983 occasione
796 961 852 990 plus
870 961 942 983 solito
959 961 1040 983 divine
1059 961 1138 983 laudis
1160 960 1263 983 officium

196 990 347 1019 persolvetur
357 991 386 1013 de
397 992 483 1019 cetero,
496 991 602 1013 utilitate
613 992 720 1019 pensata,
743 991 868 1013 accedente
884 990 1003 1013 dictorum
1015 990 1104 1013 Decani
1119 991 1144 1013 et
1155 990 1261 1019 Capituli

196 1019 295 1042 consilio
312 1021 337 1042 et
353 1026 457 1048 assensu,
476 1022 592 1049 perpetuo
610 1021 775 1042 Institucionis
789 1020 862 1042 titulo
879 1020 1048 1049 possidendam
1066 1020 1225 1048 concedimus,
1242 1020 1263 1042 si

195 1048 305 1077 ydoneus
315 1049 396 1078 suerit,
405 1050 557 1077 admittatur,
566 1051 590 1072 et
599 1050 627 1072 [le
638 1050 743 1072 faciendo
754 1050 779 1071 in
787 1049 892 1072 Ecclesia
899 1049 1008 1078 predicta
1015 1050 1153 1072 continuam
1161 1049 1262 1071 residen-

197 1078 258 1101 ciam
274 1079 421 1107 personalem
440 1086 468 1101 ac
486 1079 632 1101 observando
650 1079 789 1108 hujusmodi
806 1080 899 1101 nostras
910 1079 1079 1101 Ordinaciones
1096 1080 1120 1101 et
1130 1078 1264 1101 Statutain

197 1107 355 1131 Institucione
366 1115 410 1130 sua
417 1109 549 1137 juramenti
559 1108 655 1131 vinculo
671 1109 858 1137 perstringatur3
875 1108 982 1137 alioquin
997 1108 1072 1137 ipsius
1084 1108 1211 1131 Institucio
1221 1115 1264 1131 seu

197 1137 319 1160 Admissio
337 1138 428 1160 nullius
445 1138 541 1166 penitus
559 1138 591 1160 sit
608 1138 730 1160 momenti.
765 1138 892 1166 Volumus,
904 1140 991 1167 autem,
1004 1139 1029 1160 et
1046 1138 1182 1160 ordinamus
1199 1137 1264 1167 quod

197 1166 261 1189 idem
272 1167 470 1196 Archipresbiter,
483 1168 525 1196 qui
535 1174 578 1196 pro
590 1168 698 1196 tempore
715 1167 789 1190 fuerit
807 1169 831 1190 et
843 1168 936 1190 fructus
946 1167 1079 1196 perceperit
1089 1167 1263 1196 autumpnales,

197 1196 282 1218 cedens
298 1197 337 1219 vel
354 1197 468 1219 decedens
485 1198 540 1226 post
561 1197 653 1219 fructus
670 1199 795 1226 perceptos
812 1198 867 1220 ante
889 1197 988 1219 Festum
1009 1197 1158 1219 Invencionis
1179 1196 1264 1219 Sancte

198 1225 281 1248 Crucis
288 1226 495 1255 quandocumque,
504 1227 584 1248 omnia
590 1233 666 1254 onera,
676 1228 725 1249 tam
734 1227 759 1248 in
767 1227 942 1249 sustentacione
950 1226 1132 1255 Oapellanorum
1139 1233 1212 1255 quam
1218 1226 1265 1248 alia

197 1254 371 1283 incumbencia,
384 1263 459 1285 usque
470 1256 500 1278 ad
516 1256 579 1278 idem
590 1256 688 1278 Festum
700 1256 849 1278 Inveucionis
864 1256 973 1285 proximo
991 1257 1138 1284 secuturum,
1155 1257 1265 1278 teneatur

194 1284 272 1307 modis
293 1285 405 1307 omnibus
421 1286 563 1314 supportare
573 1293 578 1313 ;
593 1285 647 1314 jure
665 1292 707 1308 seu
723 1285 902 1314 consuetudine,
923 1285 996 1314 quod,
1014 1285 1053 1307 vel
1071 1292 1125 1314 que,
1143 1285 1173 1307 de
1186 1285 1264 1307 media

198 1314 384 1343 Quadragesima
401 1315 425 1336 in
441 1316 523 1337 nostra
540 1315 633 1337 Diocesi
646 1315 761 1337 hactenus
770 1315 896 1343 usitatum,
913 1315 939 1336 in
955 1315 1008 1337 aliis
1025 1314 1174 1343 Rectoribus,
1185 1314 1264 1337 locum

198 1344 300 1372 optinet,
312 1351 360 1366 non
371 1344 480 1366 obstante
491 1352 496 1372 ;
510 1344 608 1373 juribus
619 1346 642 1366 et
653 1344 867 1366 consuetudinibus
875 1345 901 1366 in
907 1344 1059 1366 Admissione
1070 1351 1113 1366 seu
1119 1344 1264 1373 Repulsione

197 1373 326 1395 Rectorum
337 1375 362 1396 et
373 1373 474 1395 aliorum
485 1374 683 1402 preficiendorum
693 1374 719 1396 in
729 1375 810 1396 nostra
821 1374 915 1396 Diocesi
930 1374 956 1396 in
967 1373 1019 1396 aliis
1031 1374 1138 1396 articulis
1149 1374 1263 1396 hactenus

196 1403 300 1431 usitatis,
307 1403 369 1425 circa
375 1403 551 1425 Admissionem
559 1405 582 1425 et
590 1403 759 1432 Repulsionem
765 1403 906 1432 hujusmodi
912 1403 1120 1432 Archipresbiteri,
1130 1403 1217 1432 quibus
1224 1409 1266 1432 per

196 1432 313 1460 premissa
328 1432 439 1461 derogare
454 1439 502 1454 non
517 1433 671 1461 intendimus,
692 1433 717 1454 in
732 1439 775 1455 suo
791 1433 875 1455 robore
890 1432 995 1461 plenarie
1012 1433 1163 1455 remansuris.
1195 1432 1266 1460 Quod

197 1461 225 1489 si,
238 1462 307 1489 forte,
326 1462 422 1484 cedente
436 1462 474 1484 vel
490 1462 618 1484 decedente
634 1462 848 1490 Arehipresbitero,
867 1462 1007 1490 hujusmodi
1018 1462 1264 1490 Archipresbiteratus

198 1491 324 1519 vacaverit,
337 1491 422 1514 herede
439 1491 498 1513 dicti
514 1492 611 1513 Domini
627 1491 753 1519 Johannis,
766 1498 807 1513 seu
825 1492 871 1514 alio
888 1492 919 1514 ad
935 1498 1006 1520 quem
1025 1491 1118 1514 dictum
1130 1492 1263 1514 Manerium

202 1520 334 1549 pertinebit
357 1521 419 1543 infra
445 1522 532 1543 etatem
560 1521 690 1550 legitimam
711 1521 841 1543 secundum
868 1521 1066 1543 consuetudinem
1086 1521 1163 1549 Regni
1183 1521 1268 1550 Anglie

198 1550 338 1577 constituto,
352 1551 376 1572 et
392 1551 417 1572 in
433 1552 515 1572 nostra
531 1557 574 1572 seu
590 1551 735 1573 Successoris
749 1551 826 1573 nostri
842 1550 884 1579 qui
900 1557 942 1579 pro
958 1552 1066 1579 tempore
1083 1550 1156 1573 [uerit
1171 1551 1264 1573 racione

199 1579 264 1601 feodi
280 1580 382 1608 predicti
404 1580 512 1602 custodia
533 1580 582 1602 sive
600 1580 683 1608 gardia
699 1580 824 1608 existente,
843 1580 873 1602 ad
893 1587 936 1602 nos
953 1580 990 1602 vel
1007 1580 1157 1602 Successores
1172 1581 1265 1602 nostros

198 1608 334 1631 conserendi
363 1609 457 1631 dictum
486 1609 745 1638 Archipresbiteratum
776 1609 877 1632 Persone
908 1609 999 1638 ydonee
1029 1609 1105 1632 libera
1135 1609 1264 1638 pertinebit

199 1638 309 1661 facultas.
352 1638 419 1666 Sede,
447 1645 509 1667 vero,
538 1639 665 1661 Exoniensi
694 1639 799 1661 Pastoris
825 1639 912 1661 solacio
938 1639 1055 1661 destituta
1077 1640 1102 1661 et
1124 1638 1264 1668 hujusmodi

201 1667 287 1690 herede
312 1668 375 1690 infra
395 1669 483 1690 etatem
504 1669 531 1691 ut
552 1669 702 1697 premittitur
717 1669 841 1697 existente,
864 1669 982 1691 Dominus
996 1670 1085 1697 noster,
1108 1668 1159 1691 Rex
1179 1668 1265 1697 Anglie

200 1697 243 1726 qui
257 1704 301 1726 pro
316 1699 424 1726 tempore
435 1698 516 1726 fuerit,
529 1698 622 1720 racione
634 1698 734 1720 Baronie
751 1699 830 1720 nostre
841 1698 865 1720 et
876 1698 979 1720 Ecclesie
990 1698 1137 1726 Exoniensis,
1151 1704 1197 1727 que
1208 1699 1265 1720 tunc

200 1727 226 1748 in
241 1733 314 1749 manu
331 1734 375 1749 sua
390 1727 441 1755 erit,
452 1727 507 1756 jure
524 1734 567 1749 suo
590 1728 620 1750 ad
641 1727 742 1749 eundem
762 1727 1030 1756 Archipresbiteratum,
1043 1727 1064 1749 si
1083 1728 1164 1756 ipsum
1184 1733 1265 1749 vacare

200 1757 260 1778 tunc
270 1756 403 1785 contigerit,
416 1757 505 1785 poterit
514 1760 650 1785 presentare
659 1764 664 1785 ;
676 1757 718 1784 ita,
728 1757 846 1784 videlieet,
860 1757 925 1786 quod
935 1764 977 1786 per
983 1757 1121 1786 hujusmodi
1129 1758 1222 1779 nostras
1229 1756 1266 1779 vel

201 1785 347 1808 successoris
363 1787 439 1808 nostri
455 1787 505 1808 sive
524 1786 594 1815 Regis
612 1786 756 1809 Collaciones
775 1793 816 1808 seu
837 1786 1036 1814 Presentaciones,
1058 1786 1186 1809 heredibus
1206 1785 1264 1809 dicti

201 1815 300 1837 Domini
308 1815 324 1837 J
326 1815 433 1844 ohannis,
442 1815 544 1837 dominis
556 1816 631 1844 ipsius
644 1816 751 1844 Manerii,
762 1823 817 1838 cum
828 1816 859 1838 ad
869 1817 956 1838 etatem
965 1816 1097 1844 legitimam
1107 1815 1263 1844 pervenerint,

201 1844 226 1866 in
237 1844 290 1866 aliis
297 1845 471 1873 vacacionibus,
482 1845 608 1874 quominus
617 1846 751 1874 presentare
760 1845 854 1867 valeant
861 1845 891 1867 ad
899 1845 1001 1867 eundem
1008 1845 1265 1874 Archipresbiteratum

200 1874 225 1896 et
236 1874 373 1902 Ecclesiam,
386 1874 480 1897 nullum
491 1875 650 1903 prejudicium
666 1876 797 1903 generetur.
832 1875 986 1903 Hujusmodi‚
999 1881 1062 1902 vero,
1074 1874 1264 1903 Archipresbiter

201 1903 236 1925 sic
247 1904 275 1925 ut
290 1904 440 1932 premittitur
457 1904 583 1926 institutus
600 1906 648 1926 tres
660 1904 808 1933 Capellanos,
822 1905 884 1926 viros
896 1905 980 1933 utique
1000 1904 1097 1926 idoneos
1109 1906 1132 1926 et
1144 1904 1263 1932 honestos,

201 1932 230 1955 de
247 1933 324 1961 ipsius
342 1933 485 1955 Fundatoris
506 1934 544 1955 vel
562 1933 677 1956 heredum
694 1940 792 1956 suorum
814 1940 911 1956 assensu
929 1934 1000 1962 eligat
1021 1936 1045 1956 et
1063 1935 1184 1961 assumat;
1206 1940 1266 1962 quos

202 1962 292 1991 absque
311 1969 382 1984 causa
399 1963 539 1985 racionabili
559 1963 671 1985 nolumus
688 1964 806 1991 amoveri;
830 1963 871 1992 qui
891 1964 970 1992 preter
993 1963 1070 1985 Horas
1092 1963 1222 1986 Canonicas
1242 1963 1266 1985 et

202 1991 301 2014 Missam
316 1991 345 2013 de
357 1992 402 2020 die,
416 1999 475 2021 quas
491 1992 521 2014 ab
538 1993 648 2015 omnibus
660 1993 795 2022 Capellanis
810 1993 835 2015 in
846 1993 899 2021 ipsa
909 1993 1014 2015 Ecclesia
1025 1999 1067 2015 seu
1078 1992 1193 2015 Parochia
1203 1992 1266 2014 horis

201 2021 392 2050 competentibus
409 2022 455 2043 dici
472 2022 616 2050 precipimus
628 2022 652 2044 iu
669 2023 797 2050 communi,
810 2023 906 2051 plenum
919 2022 1074 2051 Obsequium,
1088 2023 1139 2044 tam
1151 2028 1195 2051 pro
1205 2021 1265 2044 vivis

200 2057 272 2079 quam
290 2057 334 2079 pro
351 2051 477 2079 defunctis,
498 2051 616 2079 videlicet,
634 2051 741 2080 Placebo,
759 2052 854 2080 Dirige,
872 2053 896 2074 et
917 2051 1156 2079 Commwndacimaem,
1174 2058 1201 2073 ac
1217 2052 1266 2074 tres

200 2080 286 2102 Missas
305 2087 348 2109 pro
360 2080 485 2103 animabus
495 2081 725 2110 prenominatorum,
737 2081 775 2104 vel
786 2081 846 2104 duas
857 2081 888 2104 ad
898 2081 986 2110 minim,
1000 2082 1023 2104 et
1033 2081 1132 2104 terciam
1142 2081 1171 2104 de
1182 2080 1267 2104 Sancta
