1328 2295
89 163 136 198 60
276 174 354 201 THE
379 175 567 202 REGISTER.
593 175 641 202 OF
666 175 803 202 BISHOP
830 175 1055 203 STAPELDON.

181 252 296 282 superius
313 253 456 277 nominatos
473 255 570 277 restant
589 253 690 283 ibidem,
708 256 785 285 prout
801 254 833 278 ad
850 254 897 278 hoc
914 254 1043 284 tenemini,
1061 253 1124 277 citra
1141 253 1246 277 Festum

181 284 254 308 Beati
263 286 390 310 Michaelis
400 286 513 317 proximo
525 295 593 310 nunc
601 289 745 316 venturum,
755 287 802 310 sub
814 295 878 317 pena
885 285 1246 317 Exeommunicacionssffluam

181 320 276 342 extunc
291 319 318 342 in
341 327 458 350 personas
475 322 577 349 vestras,
598 322 624 342 et
641 321 754 343 vestrum
777 319 894 350 singulas,
913 320 957 350 qui
974 327 1049 350 super
1066 320 1113 343 hoc
1129 319 1156 342 in
1176 327 1246 343 mora

181 350 281 375 fueritis
296 352 336 375 vel
351 352 429 375 eciam
444 352 521 375 fuerit
538 352 564 375 in
581 359 658 381 mora,
671 352 692 375 si
709 352 829 382 premissa
844 360 894 376 non
909 352 1079 383 impleveritis,
1096 360 1140 375 seu
1156 351 1245 382 imple—

181 383 253 413 verit,
269 384 433 415 faeeretisque
448 384 556 408 inveniri
573 384 653 408 modis
668 384 785 408 omnibus
800 393 828 408 ac
844 385 921 408 eciam
935 385 1050 415 reparari,
1067 384 1245 415 pertulerunt;

181 423 265 446 quam,
278 417 388 447 quidem,
402 417 568 446 Sentenciam,
581 425 609 440 ac
625 417 702 440 eciam
716 417 800 440 omnia
817 419 844 441 et
854 417 953 448 singula
969 426 1018 448 que
1034 417 1060 441 in
1077 417 1167 441 Literis
1184 417 1246 441 dicti

180 448 363 473 Predecessoris
386 450 465 473 nostri
483 450 597 480 superius
616 452 677 473 sunt
695 458 817 480 expressa,
838 458 935 473 necnon
953 453 1009 474 acta
1029 452 1054 474 et
1072 452 1143 481 gesta
1162 457 1245 474 coram

182 481 363 506 Commissariis
386 482 478 506 nostris
500 482 641 512 antedictis,
665 484 790 513 quatenus
810 482 858 506 rite
881 485 936 506 acta
958 485 984 506 et
1006 485 1076 513 gesta
1099 485 1167 512 sunt,
1190 485 1246 506 rata

83 510 152 555 01‘1222·
180 513 301 538 habentes
314 517 339 538 et
350 518 428 546 grata,
441 523 476 545 ea,
489 517 565 545 prout
576 515 608 538 ad
621 523 666 538 nos
683 515 800 545 pertinet,
813 515 840 538 in
857 515 966 539 Domino
984 515 1244 546 confirmamus—Et,

81 541 155 585 1¹2⁶,ssss
179 546 237 576 quia
248 547 391 571 invenimus
403 548 469 571 inter
481 550 569 577 cetera,
582 548 608 571 in
621 548 707 571 eadem
719 548 877 576 Visitacione,
888 548 956 578 quod
967 548 1132 576 Vestimenta,
1143 548 1243 578 Calices,

80 587 135 605 nent
144 587 171 605 ad
182 579 257 608 Libri,
274 582 301 603 et
320 580 368 604 alia
387 580 541 604 Ornamenta
561 580 639 611 ipsius
662 580 768 611 Capelle,
790 588 834 611 per
855 581 992 604 Canonicos
1009 581 1104 604 ibidem
1123 580 1245 605 hactenus

81 611 167 639 Canon·
181 611 291 642 inventa,
304 615 330 636 et
341 620 450 643 quorum
461 613 613 636 invencionis
628 615 654 636 et
671 613 834 644 reparacionis
849 621 919 642 onus,
933 621 992 637 cum
1003 620 1102 637 necesse
1114 613 1198 643 fuerit,
1211 614 1244 638 ad

80 642 132 660 ¹⁰⁰S¹
178 645 243 675 ipsos
257 645 393 669 Canonicos
405 648 516 676 spectare
534 645 678 674 dinoscitur,
692 654 740 676 que
755 646 787 669 ad
803 646 958 669 cotidianum
975 654 1051 669 usum
1069 646 1241 675 Sacerdotum‚

80 678 179 707 vicarius
188 678 215 701 in
232 678 298 701 Navi
315 679 381 702 dicte
400 679 499 709 Capelle
519 686 563 709 pro
581 678 739 702 Parochianis
756 678 870 709 ejusdem
887 679 1076 708 celebrancium,
1094 679 1245 703 multociens

78 703 180 748 {figlffff'
189 711 378 741 deputabantur
394 711 480 735 illicite
501 713 527 734 et
543 711 693 734 deteriorata
710 711 848 735 extiterant
864 711 890 734 in
911 711 1071 741 immensum,
1088 711 1148 735 licet
1166 711 1244 735 iidem

76 736 169 773 „tatur”
180 743 333 773 Parochiani,
346 744 386 768 vel
398 744 477 768 eciam
489 744 641 773 Sacerdotes,
654 743 751 772 nullam
763 752 864 774 prorsus
876 744 1079 768 emendacionem
1091 752 1134 768 seu
1147 752 1243 774 repara-

78 780 146 808 Orna3
179 776 275 799 cionem
298 777 404 800 fecerint
426 777 571 806 eorundem,
591 779 677 800 tenore
695 777 855 800 Presencium
878 777 1029 807 precipimus
1046 779 1073 800 et
1094 777 1244 801 mandamus

76 805 159 849 Ῑὲἱὲῃῖὲῧ
177 809 297 839 quatinus
311 817 371 833 usus
381 810 593 833 Ornamentorum
605 809 776 839 predictorum
786 810 868 840 quoad
878 809 1043 833 Paroehianos
1052 811 1078 833 et
1089 809 1243 834 Presbiteros

114 835 151 850 ⁰¹¹¹
176 842 202 865 in
214 842 280 865 Navi
291 842 358 866 dicte
371 842 476 873 Capelle,
489 844 521 865 ut
532 841 697 872 premittitur,
710 842 870 871 celebrantes,
884 850 983 865 exnunc
1000 845 1080 866 cesset
1095 842 1204 872 omnino,
1217 845 1244 866 et

79 887 117 908 fol.
128 880 171 907 281),
183 875 251 905 quod
261 875 380 905 premissa
388 875 554 904 Vestimenta,
565 875 666 904 CaliceS,
676 874 752 904 Libri,
762 882 790 898 ac
802 875 880 898 eciam
890 875 1044 898 Ornamenta
1053 875 1164 906 predicta
1172 877 1243 899 extra

177 907 288 931 Chorum
297 916 342 938 per
351 907 516 931 Parochianos
529 915 572 930 seu
585 907 739 930 Presbiteros
752 907 915 938 supradictos
925 915 969 931 seu
982 907 1042 931 alios
1054 908 1085 931 acl
1095 907 1243 938 hujusmodi

176 948 237 963 usus
257 940 403 964 nullatenus
423 940 576 969 deferantur,
593 940 641 963 sub
656 948 719 970 pena
738 940 1013 963 Excommunicacionis
1027 948 1055 964 ac
1071 940 1148 964 eciam
1165 940 1241 964 unius

76 984 134 1003 pena
176 972 279 996 dimidie
297 981 379 996 marce
398 981 412 996 a
429 973 538 996 Sacrista
553 972 631 1003 ipsius
653 972 753 1003 Capelle
771 973 816 1003 qui
835 981 880 1003 pro
903 975 1016 1003 tempore
1038 973 1123 1003 fuerit,
1147 973 1242 1004 quique

76 1003 167 1023 dimidie
174 1006 287 1029 omnium
300 1006 513 1029 Ornamentorum
530 1005 699 1036 predictorum
714 1005 853 1028 custodiam
865 1005 942 1029 habet
954 1008 979 1029 et
988 1014 1074 1029 curam
1086 1014 1091 1035 3
1109 1008 1136 1029 et
1147 1006 1241 1029 dictam

76 1034 157 1049 marce·
172 1038 267 1062 tociens
286 1039 478 1069 percipiendam,
496 1040 522 1061 et
544 1038 571 1061 in
595 1038 732 1061 utilitatem
755 1038 821 1061 dicte
842 1038 948 1068 Capelle,
967 1046 1011 1069 pro
1031 1041 1117 1062 nostro
1140 1039 1243 1062 arbitrio

173 1072 376 1100 convertendam,
394 1071 511 1102 quociens
530 1072 616 1094 contra
634 1071 680 1094 hec
699 1072 785 1094 actum
808 1071 886 1094 fuerit
908 1071 948 1094 vel
970 1071 1073 1101 aliquod
1096 1072 1240 1096 eorundem.

174 1104 305 1133 Premissa,
321 1112 387 1133 vero,
400 1104 484 1127 omnia
501 1106 527 1127 et
545 1103 649 1133 singula,
663 1111 712 1133 que
728 1105 781 1126 tam
799 1103 825 1126 in
844 1103 934 1126 Literis
950 1104 1041 1134 prefati
1058 1104 1241 1128 Predecessoris

174 1137 254 1160 nostri
270 1144 345 1167 quam
363 1136 440 1160 eciam
454 1136 502 1159 hiis
520 1136 612 1159 nostris
625 1136 716 1159 Literis
732 1136 900 1165 continentur,
914 1136 1031 1160 volumus
1043 1139 1069 1160 et
1083 1137 1241 1167 precipimus,

173 1169 220 1193 sub
237 1170 307 1199 penis
324 1170 438 1200 superius
459 1169 592 1197 annotatis,
605 1168 711 1192 firmiter
728 1168 857 1192 observari,
893 1169 935 1198 Et,
953 1177 1010 1192 cum
1029 1177 1117 1200 parum
1135 1169 1169 1193 sit
1183 1169 1242 1200 jura

174 1203 278 1225 condere
290 1202 329 1226 vel
341 1204 439 1226 statuta
450 1202 530 1225 facere
543 1201 674 1230 Canonica,
686 1201 735 1224 nisi
747 1201 780 1224 sit
792 1201 836 1231 qui
848 1201 935 1224 eadem
952 1204 1055 1225 tueatur
1073 1210 1117 1225 seu
1129 1202 1240 1232 legitime

173 1237 319 1265 exequatur,
329 1235 376 1258 tibi
383 1234 688 1263 DominolValteromunc
696 1234 803 1257 Sacriste
812 1236 837 1257 et
847 1234 978 1263 Canonico,
984 1237 1070 1258 tenore
1080 1235 1240 1258 Presencium

172 1268 356 1291 committimus
374 1270 400 1291 et
416 1267 572 1295 mandamus,
588 1267 636 1290 sub
650 1274 713 1297 pena
734 1267 1007 1290 Excommunicacionis
1027 1267 1133 1291 firmiter
1152 1267 1238 1298 injun-

171 1302 259 1331 gentes
279 1300 400 1331 quatinus
420 1300 451 1323 de
474 1299 647 1323 observacione
668 1301 694 1322 et
714 1299 861 1322 execucione
883 1300 1054 1330 predictorum
1075 1300 1189 1323 omnium
1212 1302 1238 1323 et

171 1333 335 1364 singulorum,
345 1335 471 1363 quatenus
480 1332 525 1355 tibi
533 1332 644 1362 legitime
656 1334 769 1355 constare
782 1332 887 1362 poterit;
900 1340 995 1355 necnon
1009 1340 1058 1363 que
1070 1333 1101 1356 de
1112 1332 1239 1363 premissis

170 1366 266 1389 fuerint
275 1366 405 1389 observata
414 1367 495 1395 etque
507 1372 572 1393 non;
585 1365 665 1395 cujuS,
678 1364 763 1394 eciam,
772 1365 803 1388 de
816 1365 908 1388 eisdem
921 1365 960 1388 vel
973 1373 1059 1388 eorum
1067 1365 1150 1396 aliquo
1162 1367 1239 1389 teme-

169 1399 249 1422 rarius
258 1398 364 1422 violator
371 1398 470 1427 existat,
478 1406 522 1428 per
529 1399 624 1420 vestras
633 1398 753 1420 Patentes
763 1397 867 1425 Literas,
878 1398 967 1421 harum
976 1398 1063 1421 seriem
1074 1398 1238 1427 continentes,

170 1431 233 1455 citra
246 1431 344 1454 dictum
367 1431 472 1454 Festum
496 1430 582 1454 Sancti
605 1430 732 1453 Michaelis
756 1438 801 1453 nos
824 1431 914 1453 reddas
943 1430 1052 1454 dilucide
1078 1431 1237 1454 cerciores.—

170 1464 267 1487 Datum
279 1464 346 1494 apud
359 1463 532 1491 Chuddeham,
543 1463 619 1486 tercio
632 1463 728 1486 decimo
745 1463 785 1486 die
802 1463 895 1486 mensis
911 1463 1032 1493 Januarii,
1045 1463 1118 1487 Anno
1131 1463 1235 1487 Domini

169 1497 302 1520 Millesimo
315 1496 410 1520 CCCffl⁰
422 1503 488 1519 nono
502 1494 637 1525 [1309-101

70 1549 108 1567 pru
135 1537 269 1567 walterus,
285 1537 447 1568 permissione
464 1536 556 1560 Divina
576 1536 724 1559 Exoniensis
742 1536 888 1566 Episcopus,
904 1536 996 1560 dilecto
1014 1536 1039 1560 in
1059 1537 1159 1561 Christo
1175 1537 1235 1566 filio,

70 1569 174 1598 Pfomlffl·
184 1570 292 1594 Domino
306 1570 417 1593 Waltero
436 1569 467 1592 de
486 1569 600 1597 lVelewe,
614 1569 738 1593 Canonico
759 1571 785 1592 et
806 1569 912 1592 Sacriste
932 1569 958 1592 in
979 1569 1066 1593 Libera
1087 1570 1186 1600 Capella
1206 1570 1238 1593 de

71 1600 140 1615 ⁰¹⁰¹¹e¹
172 1603 302 1632 Boseham,
327 1603 442 1632 salutem,
466 1601 611 1630 etc—Quia
634 1609 679 1624 nos
703 1609 783 1632 nuper
805 1601 831 1624 in
855 1602 941 1625 eadem
966 1602 1073 1632 Capella,
1096 1603 1236 1626 secundnm

170 1643 265 1659 morem
278 1636 484 1659 Predecessorum
496 1637 648 1663 nostrorum,
657 1634 742 1657 debite
754 1634 913 1657 Visitacionis
923 1635 1038 1658 Officium
1051 1635 1233 1665 impendentes,

170 1676 221 1692 non
244 1668 387 1692 invenimus
407 1667 516 1698 aliquem
537 1667 581 1697 qui
601 1675 646 1690 1105
664 1667 691 1690 111
709 1667 844 1690 esculentis
864 1669 890 1690 et
910 1667 1056 1697 poculentis,
1078 1667 1152 1698 juxta
1171 1668 1235 1698 juris

169 1701 322 1732 exigenciam
342 1700 404 1724 inibi
424 1702 575 1730 procuraret,
596 1699 667 1723 vobis
690 1699 873 1723 committimus
897 1702 923 1723 et
943 1700 1092 1723 mandamus
1113 1701 1234 1731 quatinus

168 1734 284 1757 canonice
296 1733 419 1756 moneatis
431 1735 457 1756 et
469 1732 601 1756 efficaciter
612 1732 737 1755 inducatis
754 1740 840 1755 omnes
853 1734 879 1755 et
891 1732 1000 1762 singulos
1012 1733 1123 1763 predicte
1136 1733 1235 1764 Capelle

170 1767 306 1790 Canonicos
316 1765 486 1790 Prehendatos
497 1767 582 1788 nostre
590 1765 748 1788 Visitacionis
759 1765 874 1788 Officium
885 1767 946 1788 tunc
957 1765 1077 1795 temporis
1089 1765 1234 1795 subeuntes,

168 1799 189 1822 si
200 1801 328 1830 presentes
340 1798 442 1827 fuerint,
455 1798 495 1821 vel
510 1798 570 1828 ipsis
588 1797 735 1821 absentibus
753 1805 839 1820 eorum
855 1797 1038 1827 Procuratores,
1052 1798 1073 1821 si
1087 1806 1150 1829 quos
1162 1798 1234 1821 dimi-

168 1832 265 1861 serint3
289 1831 399 1861 alioquin
418 1831 444 1854 in
464 1830 577 1861 predicta
598 1830 705 1860 Capella,
726 1838 770 1860 per
786 1829 915 1860 publicum
934 1830 1045 1853 edictum
1063 1838 1146 1854 coram
1163 1831 1234 1854 Clero

167 1867 194 1888 et
210 1864 303 1895 populo
320 1863 588 1894 propositum,-quod
606 1871 656 1885 una
673 1862 801 1886 vobiscum
818 1862 972 1885 satisfaciant
984 1863 1055 1886 nobis
1066 1863 1132 1886 infra
1143 1863 1234 1894 viginti

167 1897 220 1920 dies
231 1905 246 1920 a
258 1899 371 1927 tempore
383 1895 531 1926 hujusmodi
542 1895 720 1924 monicionum,
734 1902 796 1925 quas
808 1894 861 1918 fieri
874 1895 998 1924 volumus,
1010 1896 1117 1926 receptis
1129 1896 1231 1919 Presen-

166 1929 242 1958 tibus,
266 1931 296 1952 ut
315 1928 480 1959 premittitur,
503 1927 615 1957 indilate,
633 1928 664 1951 de
687 1927 853 1957 quadraginta
875 1927 960 1950 solidis
980 1928 1166 1958 sterlingorum,
1188 1936 1232 1959 pro

166 1961 345 1986 Procuracione
356 1963 442 1984 nostra
454 1961 485 1983 de
503 1960 543 1983 die
558 1960 638 1989 ipsius
654 1960 820 1988 Visitacionis,
833 1962 859 1983 et
871 1961 998 1983 occasione
1010 1960 1125 1991 ejusdem
1137 1961 1229 1984 Visita-

166 1995 249 2024 cionis,
267 1994 339 2017 nobis
356 1993 507 2016 sufficienter
523 1993 608 2016 debite
624 1992 655 2015 ab
671 1992 770 2015 eisdem.
807 1993 881 2021 Quod
896 1992 917 2016 si
934 1993 1116 2017 monicionibus
1133 1994 1230 2022 vestris,

165 2035 241 2058 super
252 2027 300 2050 hiis
313 2026 428 2050 canonice
444 2025 491 2049 sibi
508 2025 588 2054 factis,
601 2025 673 2055 plene
685 2032 735 2048 non
748 2025 878 2055 paruerint
888 2025 954 2048 infra
965 2026 1103 2049 terminum
1115 2026 1231 2057 superius

165 2062 323 2088 annotatum,
340 2061 434 2082 extunc
452 2058 563 2088 singulos
582 2065 632 2081 non
650 2058 774 2080 solventes
790 2058 821 2081 ad
839 2057 1043 2081 satisfaciendum
1064 2059 1095 2082 de
1114 2059 1229 2089 porcione

164 2100 209 2116 sua
221 2093 252 2116 de
264 2092 330 2115 dicta
340 2090 525 2119 Procuracione,
535 2098 579 2120 per
588 2090 768 2120 Sus-pensionis,
780 2090 1053 2114 Excommunicacionis
1066 2093 1091 2114 et
1099 2091 1230 2115 Interdicti

164 2124 315 2154 sentencias,
333 2124 354 2147 si
378 2125 499 2154 oporteat,
523 2123 554 2146 de
577 2122 617 2146 die
640 2123 665 2146 in
686 2123 752 2145 diem
776 2123 951 2153 compellatis3
975 2123 1081 2147 scientes
1104 2124 1179 2154 quod,
1197 2124 1229 2147 ad

163 2157 377 2182 abbreviacionem
388 2156 480 2180 laboris
497 2155 659 2185 solvcncium,
675 2163 718 2179 vos
736 2155 768 2179 de
785 2155 854 2179 dicta
865 2155 984 2186 peccunia
995 2158 1112 2180 nostrum
1123 2156 1229 2180 fecimus
