<?xml version="1.0" encoding="UTF-8"?>
<!DOCTYPE html PUBLIC "-//W3C//DTD XHTML 1.0 Transitional//EN"
    "http://www.w3.org/TR/xhtml1/DTD/xhtml1-transitional.dtd">
<html xmlns="http://www.w3.org/1999/xhtml" xml:lang="en" lang="en">
 <head>
  <title>
</title>
<meta http-equiv="Content-Type" content="text/html;charset=utf-8" />
  <meta name='ocr-system' content='tesseract 3.04.00' />
  <meta name='ocr-capabilities' content='ocr_page ocr_carea ocr_par ocr_line ocrx_word'/>
</head>
<body>
  <div class='ocr_page' id='page_1' title='image "./registerofwalter00exet_0163.png"; bbox 0 0 1328 2295; ppageno 0'>
   <div class='ocr_carea' id='block_1_1' title="bbox 458 142 1196 178">
    <p class='ocr_par' dir='ltr' id='par_1_1' title="bbox 458 142 1196 178">
     <span class='ocr_line' id='line_1_1' title="bbox 458 142 1196 178; baseline 0 0"><span class='ocrx_word' id='word_1_1' title='bbox 458 150 637 178; x_wconf 78' lang='lat' dir='ltr'><strong>GENERAL</strong></span> <span class='ocrx_word' id='word_1_2' title='bbox 663 152 793 177; x_wconf 83' lang='lat' dir='ltr'>INDEX.</span> <span class='ocrx_word' id='word_1_3' title='bbox 1129 143 1146 178; x_wconf 87' lang='lat'>1</span> <span class='ocrx_word' id='word_1_4' title='bbox 1153 142 1173 177; x_wconf 80' lang='lat'>2</span> <span class='ocrx_word' id='word_1_5' title='bbox 1182 146 1196 178; x_wconf 92' lang='lat'>1</span> 
     </span>
    </p>
   </div>
   <div class='ocr_carea' id='block_1_2' title="bbox 104 228 1203 2151">
    <p class='ocr_par' dir='ltr' id='par_1_2' title="bbox 134 228 1201 909">
     <span class='ocr_line' id='line_1_2' title="bbox 138 228 1199 260; baseline -0.001 -6"><span class='ocrx_word' id='word_1_6' title='bbox 138 230 245 254; x_wconf 85' lang='lat' dir='ltr'>Ecclesie</span> <span class='ocrx_word' id='word_1_7' title='bbox 268 229 432 260; x_wconf 80' lang='lat' dir='ltr'>Bangorensis</span> <span class='ocrx_word' id='word_1_8' title='bbox 460 231 486 252; x_wconf 89' lang='lat' dir='ltr'>et</span> <span class='ocrx_word' id='word_1_9' title='bbox 509 229 580 253; x_wconf 89' lang='lat' dir='ltr'>Clero</span> <span class='ocrx_word' id='word_1_10' title='bbox 604 228 719 253; x_wconf 82' lang='lat' dir='ltr'>Civitatis</span> <span class='ocrx_word' id='word_1_11' title='bbox 747 231 773 252; x_wconf 87' lang='lat' dir='ltr'>et</span> <span class='ocrx_word' id='word_1_12' title='bbox 795 229 913 260; x_wconf 87' lang='lat' dir='ltr'>Dyocesis</span> <span class='ocrx_word' id='word_1_13' title='bbox 937 229 1043 253; x_wconf 87' lang='lat' dir='ltr'>Eliensis</span> <span class='ocrx_word' id='word_1_14' title='bbox 1065 230 1199 253; x_wconf 79' lang='lat' dir='ltr'>dumtaxat</span> 
     </span>
     <span class='ocr_line' id='line_1_3' title="bbox 136 262 1196 293; baseline -0.001 -7"><span class='ocrx_word' id='word_1_15' title='bbox 136 263 253 293; x_wconf 84' lang='lat' dir='ltr'>exceptis,</span> <span class='ocrx_word' id='word_1_16' title='bbox 277 270 376 286; x_wconf 80' lang='lat' dir='ltr'>causam</span> <span class='ocrx_word' id='word_1_17' title='bbox 399 262 510 292; x_wconf 76' lang='lat' dir='ltr'>predicte</span> <span class='ocrx_word' id='word_1_18' title='bbox 534 262 725 285; x_wconf 80' lang='lat' dir='ltr'>Couvocacionis</span> <span class='ocrx_word' id='word_1_19' title='bbox 748 262 889 292; x_wconf 83' lang='lat' dir='ltr'>expressius</span> <span class='ocrx_word' id='word_1_20' title='bbox 912 263 1072 292; x_wconf 77' lang='lat' dir='ltr'>exposuimus</span> <span class='ocrx_word' id='word_1_21' title='bbox 1095 263 1196 292; x_wconf 81' lang='lat' dir='ltr'>eisdem,</span> 
     </span>
     <span class='ocr_line' id='line_1_4' title="bbox 136 294 1198 326; baseline -0.001 -7"><span class='ocrx_word' id='word_1_22' title='bbox 136 296 241 326; x_wconf 82' lang='lat' dir='ltr'>adjectis</span> <span class='ocrx_word' id='word_1_23' title='bbox 253 296 285 318; x_wconf 87' lang='lat' dir='ltr'>ad</span> <span class='ocrx_word' id='word_1_24' title='bbox 296 295 504 318; x_wconf 80' lang='lat' dir='ltr'>consenciendum</span> <span class='ocrx_word' id='word_1_25' title='bbox 522 294 632 325; x_wconf 77' lang='lat' dir='ltr'>predicte</span> <span class='ocrx_word' id='word_1_26' title='bbox 644 294 761 324; x_wconf 87' lang='lat' dir='ltr'>peticioni</span> <span class='ocrx_word' id='word_1_27' title='bbox 778 294 891 325; x_wconf 90' lang='lat' dir='ltr'>pluribus</span> <span class='ocrx_word' id='word_1_28' title='bbox 903 295 1043 318; x_wconf 83' lang='lat' dir='ltr'>racionibus</span> <span class='ocrx_word' id='word_1_29' title='bbox 1056 295 1198 324; x_wconf 77' lang='lat' dir='ltr'>inductivis,</span> 
     </span>
     <span class='ocr_line' id='line_1_5' title="bbox 136 327 1197 358; baseline -0.001 -7"><span class='ocrx_word' id='word_1_30' title='bbox 136 328 271 358; x_wconf 86' lang='lat' dir='ltr'>habitoque</span> <span class='ocrx_word' id='word_1_31' title='bbox 296 336 370 358; x_wconf 88' lang='lat' dir='ltr'>super</span> <span class='ocrx_word' id='word_1_32' title='bbox 389 327 437 350; x_wconf 88' lang='lat' dir='ltr'>hiis</span> <span class='ocrx_word' id='word_1_33' title='bbox 457 327 570 357; x_wconf 75' lang='lat' dir='ltr'>diligenti</span> <span class='ocrx_word' id='word_1_34' title='bbox 589 329 706 356; x_wconf 71' lang='lat' dir='ltr'>tractatu,</span> <span class='ocrx_word' id='word_1_35' title='bbox 731 335 774 357; x_wconf 85' lang='lat' dir='ltr'>per</span> <span class='ocrx_word' id='word_1_36' title='bbox 794 335 838 350; x_wconf 87' lang='lat' dir='ltr'>nos</span> <span class='ocrx_word' id='word_1_37' title='bbox 868 330 893 350; x_wconf 90' lang='lat' dir='ltr'>et</span> <span class='ocrx_word' id='word_1_38' title='bbox 913 335 999 350; x_wconf 88' lang='lat' dir='ltr'>omnes</span> <span class='ocrx_word' id='word_1_39' title='bbox 1022 328 1081 351; x_wconf 83' lang='lat' dir='ltr'>alios</span> <span class='ocrx_word' id='word_1_40' title='bbox 1104 328 1197 351; x_wconf 83' lang='lat' dir='ltr'>ibidem</span> 
     </span>
     <span class='ocr_line' id='line_1_6' title="bbox 136 360 1201 391; baseline -0.001 -7"><span class='ocrx_word' id='word_1_41' title='bbox 136 363 269 391; x_wconf 77' lang='lat' dir='ltr'>presentes,</span> <span class='ocrx_word' id='word_1_42' title='bbox 291 363 317 384; x_wconf 89' lang='lat' dir='ltr'>et</span> <span class='ocrx_word' id='word_1_43' title='bbox 334 360 359 383; x_wconf 90' lang='lat' dir='ltr'>in</span> <span class='ocrx_word' id='word_1_44' title='bbox 377 367 466 390; x_wconf 84' lang='lat' dir='ltr'>penam</span> <span class='ocrx_word' id='word_1_45' title='bbox 484 360 639 382; x_wconf 83' lang='lat' dir='ltr'>contumacie</span> <span class='ocrx_word' id='word_1_46' title='bbox 656 360 807 388; x_wconf 83' lang='lat' dir='ltr'>absencium,</span> <span class='ocrx_word' id='word_1_47' title='bbox 826 360 934 383; x_wconf 87' lang='lat' dir='ltr'>finaliter</span> <span class='ocrx_word' id='word_1_48' title='bbox 951 362 976 383; x_wconf 87' lang='lat' dir='ltr'>et</span> <span class='ocrx_word' id='word_1_49' title='bbox 994 360 1147 384; x_wconf 87' lang='lat' dir='ltr'>unanimiter</span> <span class='ocrx_word' id='word_1_50' title='bbox 1164 362 1201 383; x_wconf 90' lang='lat' dir='ltr'>est</span> 
     </span>
     <span class='ocr_line' id='line_1_7' title="bbox 136 392 1199 423; baseline 0 -7"><span class='ocrx_word' id='word_1_51' title='bbox 136 401 284 416; x_wconf 85' lang='lat' dir='ltr'>consensum</span> <span class='ocrx_word' id='word_1_52' title='bbox 296 393 363 423; x_wconf 85' lang='lat' dir='ltr'>quod</span> <span class='ocrx_word' id='word_1_53' title='bbox 381 393 407 415; x_wconf 89' lang='lat' dir='ltr'>in</span> <span class='ocrx_word' id='word_1_54' title='bbox 421 393 493 415; x_wconf 72' lang='lat' dir='ltr'>Festo</span> <span class='ocrx_word' id='word_1_55' title='bbox 506 392 652 415; x_wconf 80' lang='lat' dir='ltr'>Nativitatis</span> <span class='ocrx_word' id='word_1_56' title='bbox 666 392 768 415; x_wconf 84' lang='lat' dir='ltr'>Domini</span> <span class='ocrx_word' id='word_1_57' title='bbox 785 392 899 422; x_wconf 82' lang='lat' dir='ltr'>proximo</span> <span class='ocrx_word' id='word_1_58' title='bbox 912 393 1005 421; x_wconf 74' lang='lat' dir='ltr'>futuro,</span> <span class='ocrx_word' id='word_1_59' title='bbox 1024 401 1068 423; x_wconf 86' lang='lat' dir='ltr'>pro</span> <span class='ocrx_word' id='word_1_60' title='bbox 1081 393 1161 423; x_wconf 72' lang='lat' dir='ltr'>primo</span> <span class='ocrx_word' id='word_1_61' title='bbox 1173 395 1199 416; x_wconf 89' lang='lat' dir='ltr'>et</span> 
     </span>
     <span class='ocr_line' id='line_1_8' title="bbox 136 424 1200 456; baseline -0.001 -7"><span class='ocrx_word' id='word_1_62' title='bbox 136 426 226 449; x_wconf 86' lang='lat' dir='ltr'>ultimo</span> <span class='ocrx_word' id='word_1_63' title='bbox 238 425 345 449; x_wconf 88' lang='lat' dir='ltr'>termino</span> <span class='ocrx_word' id='word_1_64' title='bbox 357 425 467 453; x_wconf 83' lang='lat' dir='ltr'>secundi,</span> <span class='ocrx_word' id='word_1_65' title='bbox 487 427 513 448; x_wconf 84' lang='lat' dir='ltr'>et</span> <span class='ocrx_word' id='word_1_66' title='bbox 525 424 550 447; x_wconf 89' lang='lat' dir='ltr'>in</span> <span class='ocrx_word' id='word_1_67' title='bbox 563 425 638 448; x_wconf 88' lang='lat' dir='ltr'>Festo</span> <span class='ocrx_word' id='word_1_68' title='bbox 651 425 735 448; x_wconf 78' lang='lat' dir='ltr'>Sancti</span> <span class='ocrx_word' id='word_1_69' title='bbox 748 425 846 448; x_wconf 81' lang='lat' dir='ltr'>Hillarii</span> <span class='ocrx_word' id='word_1_70' title='bbox 858 427 919 448; x_wconf 85' lang='lat' dir='ltr'>tunc</span> <span class='ocrx_word' id='word_1_71' title='bbox 931 427 1052 456; x_wconf 77' lang='lat' dir='ltr'>sequente</span> <span class='ocrx_word' id='word_1_72' title='bbox 1064 433 1108 456; x_wconf 85' lang='lat' dir='ltr'>pro</span> <span class='ocrx_word' id='word_1_73' title='bbox 1120 425 1200 456; x_wconf 84' lang='lat' dir='ltr'>primo</span> 
     </span>
     <span class='ocr_line' id='line_1_9' title="bbox 135 457 1200 487; baseline -0.001 -5"><span class='ocrx_word' id='word_1_74' title='bbox 135 459 243 482; x_wconf 86' lang='lat' dir='ltr'>termino</span> <span class='ocrx_word' id='word_1_75' title='bbox 260 458 331 481; x_wconf 89' lang='lat' dir='ltr'>tercii</span> <span class='ocrx_word' id='word_1_76' title='bbox 350 458 416 487; x_wconf 79' lang='lat' dir='ltr'>anni,</span> <span class='ocrx_word' id='word_1_77' title='bbox 434 457 479 480; x_wconf 91' lang='lat' dir='ltr'>fiat</span> <span class='ocrx_word' id='word_1_78' title='bbox 498 457 590 480; x_wconf 89' lang='lat' dir='ltr'>solucio</span> <span class='ocrx_word' id='word_1_79' title='bbox 603 457 703 480; x_wconf 88' lang='lat' dir='ltr'>Decime</span> <span class='ocrx_word' id='word_1_80' title='bbox 716 457 860 486; x_wconf 84' lang='lat' dir='ltr'>Trienualis,</span> <span class='ocrx_word' id='word_1_81' title='bbox 881 458 929 481; x_wconf 90' lang='lat' dir='ltr'>sub</span> <span class='ocrx_word' id='word_1_82' title='bbox 949 458 1003 481; x_wconf 82' lang='lat' dir='ltr'>istis</span> <span class='ocrx_word' id='word_1_83' title='bbox 1016 458 1159 481; x_wconf 86' lang='lat' dir='ltr'>condicione</span> <span class='ocrx_word' id='word_1_84' title='bbox 1175 460 1200 481; x_wconf 88' lang='lat' dir='ltr'>et</span> 
     </span>
     <span class='ocr_line' id='line_1_10' title="bbox 135 490 1199 522; baseline -0.001 -8"><span class='ocrx_word' id='word_1_85' title='bbox 135 493 207 522; x_wconf 83' lang='lat' dir='ltr'>pacto</span> <span class='ocrx_word' id='word_1_86' title='bbox 227 493 341 521; x_wconf 84' lang='lat' dir='ltr'>patenter</span> <span class='ocrx_word' id='word_1_87' title='bbox 361 490 489 520; x_wconf 76' lang='lat' dir='ltr'>expressis,</span> <span class='ocrx_word' id='word_1_88' title='bbox 509 490 576 519; x_wconf 82' lang='lat' dir='ltr'>quod</span> <span class='ocrx_word' id='word_1_89' title='bbox 595 490 664 513; x_wconf 87' lang='lat' dir='ltr'>nulla</span> <span class='ocrx_word' id='word_1_90' title='bbox 687 490 731 513; x_wconf 80' lang='lat' dir='ltr'>fiat</span> <span class='ocrx_word' id='word_1_91' title='bbox 749 490 838 520; x_wconf 81' lang='lat' dir='ltr'>peticio</span> <span class='ocrx_word' id='word_1_92' title='bbox 859 498 904 513; x_wconf 87' lang='lat' dir='ltr'>nec</span> <span class='ocrx_word' id='word_1_93' title='bbox 922 491 1019 513; x_wconf 85' lang='lat' dir='ltr'>exaccio</span> <span class='ocrx_word' id='word_1_94' title='bbox 1040 491 1071 514; x_wconf 88' lang='lat' dir='ltr'>de</span> <span class='ocrx_word' id='word_1_95' title='bbox 1091 491 1199 514; x_wconf 84' lang='lat' dir='ltr'>termino</span> 
     </span>
     <span class='ocr_line' id='line_1_11' title="bbox 137 522 1199 552; baseline -0.001 -5"><span class='ocrx_word' id='word_1_96' title='bbox 137 524 225 547; x_wconf 88' lang='lat' dir='ltr'>ultimo</span> <span class='ocrx_word' id='word_1_97' title='bbox 248 523 318 546; x_wconf 80' lang='lat' dir='ltr'>tercii</span> <span class='ocrx_word' id='word_1_98' title='bbox 348 523 407 546; x_wconf 87' lang='lat' dir='ltr'>anni</span> <span class='ocrx_word' id='word_1_99' title='bbox 430 525 565 552; x_wconf 86' lang='lat' dir='ltr'>antequam</span> <span class='ocrx_word' id='word_1_100' title='bbox 588 522 711 545; x_wconf 87' lang='lat' dir='ltr'>terminus</span> <span class='ocrx_word' id='word_1_101' title='bbox 739 523 868 546; x_wconf 72' lang='lat' dir='ltr'>advenerit</span> <span class='ocrx_word' id='word_1_102' title='bbox 896 523 928 546; x_wconf 90' lang='lat' dir='ltr'>ad</span> <span class='ocrx_word' id='word_1_103' title='bbox 956 523 1003 546; x_wconf 86' lang='lat' dir='ltr'>hoc</span> <span class='ocrx_word' id='word_1_104' title='bbox 1030 523 1056 546; x_wconf 88' lang='lat' dir='ltr'>in</span> <span class='ocrx_word' id='word_1_105' title='bbox 1080 523 1199 546; x_wconf 80' lang='lat' dir='ltr'>Mandato</span> 
     </span>
     <span class='ocr_line' id='line_1_12' title="bbox 134 555 1199 587; baseline 0 -8"><span class='ocrx_word' id='word_1_106' title='bbox 134 556 276 587; x_wconf 86' lang='lat' dir='ltr'>Apostolico</span> <span class='ocrx_word' id='word_1_107' title='bbox 312 556 469 586; x_wconf 71' lang='lat' dir='ltr'>assignatus,</span> <span class='ocrx_word' id='word_1_108' title='bbox 504 555 621 585; x_wconf 88' lang='lat' dir='ltr'>quodque</span> <span class='ocrx_word' id='word_1_109' title='bbox 658 555 807 579; x_wconf 87' lang='lat' dir='ltr'>Collectores</span> <span class='ocrx_word' id='word_1_110' title='bbox 843 556 874 578; x_wconf 85' lang='lat' dir='ltr'>ad</span> <span class='ocrx_word' id='word_1_111' title='bbox 909 556 956 579; x_wconf 90' lang='lat' dir='ltr'>hoc</span> <span class='ocrx_word' id='word_1_112' title='bbox 992 564 1036 586; x_wconf 81' lang='lat' dir='ltr'>per</span> <span class='ocrx_word' id='word_1_113' title='bbox 1064 556 1199 579; x_wconf 79' lang='lat' dir='ltr'>Summum</span> 
     </span>
     <span class='ocr_line' id='line_1_13' title="bbox 134 587 1197 618; baseline -0.001 -6"><span class='ocrx_word' id='word_1_114' title='bbox 134 589 281 612; x_wconf 86' lang='lat' dir='ltr'>Pontificem</span> <span class='ocrx_word' id='word_1_115' title='bbox 310 588 432 618; x_wconf 85' lang='lat' dir='ltr'>deputati,</span> <span class='ocrx_word' id='word_1_116' title='bbox 459 587 506 611; x_wconf 85' lang='lat' dir='ltr'>hoc</span> <span class='ocrx_word' id='word_1_117' title='bbox 534 588 608 610; x_wconf 89' lang='lat' dir='ltr'>modo</span> <span class='ocrx_word' id='word_1_118' title='bbox 636 590 661 610; x_wconf 90' lang='lat' dir='ltr'>et</span> <span class='ocrx_word' id='word_1_119' title='bbox 689 595 739 611; x_wconf 88' lang='lat' dir='ltr'>non</span> <span class='ocrx_word' id='word_1_120' title='bbox 768 588 815 611; x_wconf 81' lang='lat' dir='ltr'>alio</span> <span class='ocrx_word' id='word_1_121' title='bbox 843 588 919 611; x_wconf 79' lang='lat' dir='ltr'>levari</span> <span class='ocrx_word' id='word_1_122' title='bbox 947 588 1041 612; x_wconf 85' lang='lat' dir='ltr'>faciant</span> <span class='ocrx_word' id='word_1_123' title='bbox 1069 589 1197 611; x_wconf 75' lang='lat' dir='ltr'>Decimam</span> 
     </span>
     <span class='ocr_line' id='line_1_14' title="bbox 134 620 1199 650; baseline -0.001 -5"><span class='ocrx_word' id='word_1_124' title='bbox 134 622 293 645; x_wconf 80' lang='lat' dir='ltr'>antedictam.</span> <span class='ocrx_word' id='word_1_125' title='bbox 331 621 390 648; x_wconf 84' lang='lat' dir='ltr'>Hee,</span> <span class='ocrx_word' id='word_1_126' title='bbox 412 623 505 649; x_wconf 88' lang='lat' dir='ltr'>autem,</span> <span class='ocrx_word' id='word_1_127' title='bbox 527 620 611 643; x_wconf 89' lang='lat' dir='ltr'>Nobili</span> <span class='ocrx_word' id='word_1_128' title='bbox 629 620 696 649; x_wconf 85' lang='lat' dir='ltr'>Viro,</span> <span class='ocrx_word' id='word_1_129' title='bbox 718 620 826 644; x_wconf 82' lang='lat' dir='ltr'>Domino</span> <span class='ocrx_word' id='word_1_130' title='bbox 844 621 952 644; x_wconf 88' lang='lat' dir='ltr'>Henrico</span> <span class='ocrx_word' id='word_1_131' title='bbox 972 621 1003 644; x_wconf 77' lang='lat' dir='ltr'>cle</span> <span class='ocrx_word' id='word_1_132' title='bbox 1022 621 1086 650; x_wconf 87' lang='lat' dir='ltr'>Laci,</span> <span class='ocrx_word' id='word_1_133' title='bbox 1107 621 1199 644; x_wconf 85' lang='lat' dir='ltr'>Comiti</span> 
     </span>
     <span class='ocr_line' id='line_1_15' title="bbox 135 653 1198 685; baseline -0.001 -8"><span class='ocrx_word' id='word_1_134' title='bbox 135 654 277 685; x_wconf 81' lang='lat' dir='ltr'>Lyncolnie,</span> <span class='ocrx_word' id='word_1_135' title='bbox 299 653 406 677; x_wconf 86' lang='lat' dir='ltr'>Custodi</span> <span class='ocrx_word' id='word_1_136' title='bbox 426 653 510 683; x_wconf 72' lang='lat' dir='ltr'>Regni,</span> <span class='ocrx_word' id='word_1_137' title='bbox 531 653 569 676; x_wconf 90' lang='lat' dir='ltr'>vel</span> <span class='ocrx_word' id='word_1_138' title='bbox 593 653 642 681; x_wconf 82' lang='lat' dir='ltr'>alii,</span> <span class='ocrx_word' id='word_1_139' title='bbox 666 653 784 676; x_wconf 80' lang='lat' dir='ltr'>nunciare</span> <span class='ocrx_word' id='word_1_140' title='bbox 807 653 927 683; x_wconf 81' lang='lat' dir='ltr'>poteritis,</span> <span class='ocrx_word' id='word_1_141' title='bbox 952 656 1027 684; x_wconf 88' lang='lat' dir='ltr'>prout</span> <span class='ocrx_word' id='word_1_142' title='bbox 1050 656 1075 677; x_wconf 83' lang='lat' dir='ltr'>et</span> <span class='ocrx_word' id='word_1_143' title='bbox 1098 654 1198 684; x_wconf 80' lang='lat' dir='ltr'>quando</span> 
     </span>
     <span class='ocr_line' id='line_1_16' title="bbox 134 685 1200 716; baseline -0.001 -6"><span class='ocrx_word' id='word_1_144' title='bbox 134 689 217 710; x_wconf 83' lang='lat' dir='ltr'>vestra</span> <span class='ocrx_word' id='word_1_145' title='bbox 244 686 336 710; x_wconf 87' lang='lat' dir='ltr'>viderit</span> <span class='ocrx_word' id='word_1_146' title='bbox 369 686 485 709; x_wconf 79' lang='lat' dir='ltr'>discrecio</span> <span class='ocrx_word' id='word_1_147' title='bbox 518 685 668 709; x_wconf 76' lang='lat' dir='ltr'>faciendum.</span> <span class='ocrx_word' id='word_1_148' title='bbox 721 686 899 715; x_wconf 84' lang='lat' dir='ltr'>Procuratoria,</span> <span class='ocrx_word' id='word_1_149' title='bbox 935 694 999 715; x_wconf 88' lang='lat' dir='ltr'>vero,</span> <span class='ocrx_word' id='word_1_150' title='bbox 1034 686 1059 709; x_wconf 91' lang='lat' dir='ltr'>iu</span> <span class='ocrx_word' id='word_1_151' title='bbox 1088 686 1200 716; x_wconf 77' lang='lat' dir='ltr'>predicta.</span> 
     </span>
     <span class='ocr_line' id='line_1_17' title="bbox 136 718 1201 749; baseline -0.001 -6"><span class='ocrx_word' id='word_1_152' title='bbox 136 719 319 743; x_wconf 82' lang='lat' dir='ltr'>Oonvocacione</span> <span class='ocrx_word' id='word_1_153' title='bbox 336 719 408 742; x_wconf 82' lang='lat' dir='ltr'>nobis</span> <span class='ocrx_word' id='word_1_154' title='bbox 425 718 542 746; x_wconf 84' lang='lat' dir='ltr'>exhibita,</span> <span class='ocrx_word' id='word_1_155' title='bbox 563 721 587 740; x_wconf 85' lang='lat' dir='ltr'>et</span> <span class='ocrx_word' id='word_1_156' title='bbox 604 726 647 748; x_wconf 89' lang='lat' dir='ltr'>per</span> <span class='ocrx_word' id='word_1_157' title='bbox 659 719 767 741; x_wconf 81' lang='lat' dir='ltr'>eundem</span> <span class='ocrx_word' id='word_1_158' title='bbox 781 719 915 742; x_wconf 87' lang='lat' dir='ltr'>Officialem</span> <span class='ocrx_word' id='word_1_159' title='bbox 929 721 1040 742; x_wconf 86' lang='lat' dir='ltr'>vestrum</span> <span class='ocrx_word' id='word_1_160' title='bbox 1052 719 1201 749; x_wconf 79' lang='lat' dir='ltr'>examinata,</span> 
     </span>
     <span class='ocr_line' id='line_1_18' title="bbox 136 750 1200 782; baseline -0.001 -7"><span class='ocrx_word' id='word_1_161' title='bbox 136 760 186 775; x_wconf 78' lang='lat' dir='ltr'>una</span> <span class='ocrx_word' id='word_1_162' title='bbox 203 760 260 775; x_wconf 90' lang='lat' dir='ltr'>cum</span> <span class='ocrx_word' id='word_1_163' title='bbox 278 751 395 782; x_wconf 77' lang='lat' dir='ltr'>predictis</span> <span class='ocrx_word' id='word_1_164' title='bbox 408 750 594 774; x_wconf 76' lang='lat' dir='ltr'>Certificatoriis</span> <span class='ocrx_word' id='word_1_165' title='bbox 613 753 639 774; x_wconf 89' lang='lat' dir='ltr'>et</span> <span class='ocrx_word' id='word_1_166' title='bbox 650 751 808 781; x_wconf 76' lang='lat' dir='ltr'>presentibus</span> <span class='ocrx_word' id='word_1_167' title='bbox 822 751 919 779; x_wconf 84' lang='lat' dir='ltr'>Literis,</span> <span class='ocrx_word' id='word_1_168' title='bbox 935 752 1014 774; x_wconf 81' lang='lat' dir='ltr'>eidem</span> <span class='ocrx_word' id='word_1_169' title='bbox 1029 752 1138 780; x_wconf 79' lang='lat' dir='ltr'>Officiali,</span> <span class='ocrx_word' id='word_1_170' title='bbox 1160 751 1200 775; x_wconf 88' lang='lat' dir='ltr'>die</span> 
     </span>
     <span class='ocr_line' id='line_1_19' title="bbox 135 783 1201 812; baseline -0.001 -4"><span class='ocrx_word' id='word_1_171' title='bbox 135 784 297 808; x_wconf 85' lang='lat' dir='ltr'>confeccionis</span> <span class='ocrx_word' id='word_1_172' title='bbox 316 783 483 812; x_wconf 85' lang='lat' dir='ltr'>Presencium,</span> <span class='ocrx_word' id='word_1_173' title='bbox 507 783 673 812; x_wconf 70' lang='lat' dir='ltr'>liberavimus,</span> <span class='ocrx_word' id='word_1_174' title='bbox 700 786 781 806; x_wconf 78' lang='lat' dir='ltr'>vestre</span> <span class='ocrx_word' id='word_1_175' title='bbox 809 784 899 807; x_wconf 79' lang='lat' dir='ltr'>Sancte</span> <span class='ocrx_word' id='word_1_176' title='bbox 920 784 1069 807; x_wconf 80' lang='lat' dir='ltr'>Paternitati</span> <span class='ocrx_word' id='word_1_177' title='bbox 1089 784 1201 807; x_wconf 80' lang='lat' dir='ltr'>celeriter</span> 
     </span>
     <span class='ocr_line' id='line_1_20' title="bbox 135 816 1201 847; baseline 0 -7"><span class='ocrx_word' id='word_1_178' title='bbox 135 817 336 841; x_wconf 81' lang='lat' dir='ltr'>transmittenda.</span> <span class='ocrx_word' id='word_1_179' title='bbox 340 816 460 839; x_wconf 86' lang='lat' dir='ltr'>—Valeat</span> <span class='ocrx_word' id='word_1_180' title='bbox 491 816 582 839; x_wconf 80' lang='lat' dir='ltr'>Sancta</span> <span class='ocrx_word' id='word_1_181' title='bbox 613 816 753 839; x_wconf 82' lang='lat' dir='ltr'>Paternitas</span> <span class='ocrx_word' id='word_1_182' title='bbox 782 819 864 839; x_wconf 84' lang='lat' dir='ltr'>vestra</span> <span class='ocrx_word' id='word_1_183' title='bbox 892 825 935 847; x_wconf 80' lang='lat' dir='ltr'>per</span> <span class='ocrx_word' id='word_1_184' title='bbox 963 819 1075 847; x_wconf 76' lang='lat' dir='ltr'>tempora</span> <span class='ocrx_word' id='word_1_185' title='bbox 1104 825 1201 847; x_wconf 76' lang='lat' dir='ltr'>semper</span> 
     </span>
     <span class='ocr_line' id='line_1_21' title="bbox 135 848 1199 881; baseline -0.001 -8"><span class='ocrx_word' id='word_1_186' title='bbox 135 858 251 881; x_wconf 80' lang='lat' dir='ltr'>piospera</span> <span class='ocrx_word' id='word_1_187' title='bbox 274 851 299 872; x_wconf 86' lang='lat' dir='ltr'>et</span> <span class='ocrx_word' id='word_1_188' title='bbox 321 849 434 880; x_wconf 78' lang='lat' dir='ltr'>jocunda.</span> <span class='ocrx_word' id='word_1_189' title='bbox 439 849 567 871; x_wconf 86' lang='lat' dir='ltr'>——Datum</span> <span class='ocrx_word' id='word_1_190' title='bbox 591 848 733 878; x_wconf 72' lang='lat' dir='ltr'>Londouiis,</span> <span class='ocrx_word' id='word_1_191' title='bbox 757 849 791 879; x_wconf 79' lang='lat' dir='ltr'>iiij</span> <span class='ocrx_word' id='word_1_192' title='bbox 822 849 882 872; x_wconf 89' lang='lat' dir='ltr'>Idus</span> <span class='ocrx_word' id='word_1_193' title='bbox 906 849 1050 873; x_wconf 78' lang='lat' dir='ltr'>Decembiis</span> <span class='ocrx_word' id='word_1_194' title='bbox 1069 850 1109 879; x_wconf 89' lang='grc'>(10</span> <span class='ocrx_word' id='word_1_195' title='bbox 1122 850 1199 879; x_wconf 80' lang='lat' dir='ltr'>Dec),</span> 
     </span>
     <span class='ocr_line' id='line_1_22' title="bbox 135 879 675 909; baseline -0.004 -4"><span class='ocrx_word' id='word_1_196' title='bbox 135 883 209 906; x_wconf 87' lang='lat' dir='ltr'>Anno</span> <span class='ocrx_word' id='word_1_197' title='bbox 222 882 322 905; x_wconf 85' lang='lat' dir='ltr'>Domini</span> <span class='ocrx_word' id='word_1_198' title='bbox 335 881 372 905; x_wconf 66' lang='lat' dir='ltr'>M0</span> <span class='ocrx_word' id='word_1_199' title='bbox 385 882 479 905; x_wconf 78' lang='lat' dir='ltr'>CCCnm</span> <span class='ocrx_word' id='word_1_200' title='bbox 492 881 606 904; x_wconf 78' lang='lat' dir='ltr'>decimo·</span> <span class='ocrx_word' id='word_1_201' title='bbox 601 899 606 909; x_wconf 84' lang='lat'>,</span> <span class='ocrx_word' id='word_1_202' title='bbox 625 879 675 904; x_wconf 69' lang='lat'>58&#39;2.</span> 
     </span>
    </p>

    <p class='ocr_par' dir='ltr' id='par_1_3' title="bbox 104 914 1200 1042">
     <span class='ocr_line' id='line_1_23' title="bbox 104 914 1196 945; baseline 0 -7"><span class='ocrx_word' id='word_1_203' title='bbox 104 915 275 939; x_wconf 79' lang='lat' dir='ltr'>—Venelabili</span> <span class='ocrx_word' id='word_1_204' title='bbox 303 914 380 943; x_wconf 80' lang='lat' dir='ltr'>Patri,</span> <span class='ocrx_word' id='word_1_205' title='bbox 410 917 464 943; x_wconf 80' lang='lat' dir='ltr'>etc,</span> <span class='ocrx_word' id='word_1_206' title='bbox 494 914 611 942; x_wconf 74' lang='lat' dir='ltr'>waltero,</span> <span class='ocrx_word' id='word_1_207' title='bbox 642 914 777 937; x_wconf 79' lang='lat' dir='ltr'>Exoniensi</span> <span class='ocrx_word' id='word_1_208' title='bbox 812 914 941 945; x_wconf 77' lang='lat' dir='ltr'>Episcopo,</span> <span class='ocrx_word' id='word_1_209' title='bbox 973 915 1108 943; x_wconf 61' lang='lat' dir='ltr'>Gilbertus,</span> <span class='ocrx_word' id='word_1_210' title='bbox 1143 917 1196 944; x_wconf 78' lang='lat' dir='ltr'>otc„</span> 
     </span>
     <span class='ocr_line' id='line_1_24' title="bbox 136 933 1199 977; baseline -0.001 -6"><span class='ocrx_word' id='word_1_211' title='bbox 136 947 316 971; x_wconf 80' lang='lat' dir='ltr'>Londoniensis</span> <span class='ocrx_word' id='word_1_212' title='bbox 339 933 483 977; x_wconf 76' lang='lat' dir='ltr'>Episcopus,</span> <span class='ocrx_word' id='word_1_213' title='bbox 515 948 569 975; x_wconf 75' lang='lat' dir='ltr'>etc,</span> <span class='ocrx_word' id='word_1_214' title='bbox 594 946 708 975; x_wconf 85' lang='lat' dir='ltr'>salutem,</span> <span class='ocrx_word' id='word_1_215' title='bbox 733 947 910 970; x_wconf 75' lang='lat' dir='ltr'>etc—Literas</span> <span class='ocrx_word' id='word_1_216' title='bbox 934 947 1087 970; x_wconf 74' lang='lat' dir='ltr'>Venerabilis</span> <span class='ocrx_word' id='word_1_217' title='bbox 1110 947 1199 977; x_wconf 88' lang='lat' dir='ltr'>Patris,</span> 
     </span>
     <span class='ocr_line' id='line_1_25' title="bbox 135 979 1200 1010; baseline -0.001 -6"><span class='ocrx_word' id='word_1_218' title='bbox 135 980 237 1004; x_wconf 82' lang='lat' dir='ltr'>Domini</span> <span class='ocrx_word' id='word_1_219' title='bbox 260 980 371 1008; x_wconf 60' lang='lat' dir='ltr'>lValteri,</span> <span class='ocrx_word' id='word_1_220' title='bbox 395 979 442 1002; x_wconf 86' lang='lat' dir='ltr'>Dei</span> <span class='ocrx_word' id='word_1_221' title='bbox 464 979 545 1009; x_wconf 82' lang='lat' dir='ltr'>gracia</span> <span class='ocrx_word' id='word_1_222' title='bbox 568 979 754 1002; x_wconf 65' lang='lat' dir='ltr'>cantuariensis</span> <span class='ocrx_word' id='word_1_223' title='bbox 778 980 968 1010; x_wconf 71' lang='lat' dir='ltr'>Archiepisoopi,</span> <span class='ocrx_word' id='word_1_224' title='bbox 993 980 1082 1003; x_wconf 84' lang='lat' dir='ltr'>Tocius</span> <span class='ocrx_word' id='word_1_225' title='bbox 1110 980 1200 1010; x_wconf 84' lang='lat' dir='ltr'>Anglie</span> 
     </span>
     <span class='ocr_line' id='line_1_26' title="bbox 135 1011 1199 1042; baseline 0.001 -6"><span class='ocrx_word' id='word_1_226' title='bbox 135 1013 260 1040; x_wconf 62' lang='lat' dir='ltr'>primatis,</span> <span class='ocrx_word' id='word_1_227' title='bbox 283 1012 428 1042; x_wconf 87' lang='lat' dir='ltr'>recepimus,</span> <span class='ocrx_word' id='word_1_228' title='bbox 450 1014 562 1034; x_wconf 86' lang='lat' dir='ltr'>tenorem</span> <span class='ocrx_word' id='word_1_229' title='bbox 583 1011 627 1041; x_wconf 88' lang='lat' dir='ltr'>qui</span> <span class='ocrx_word' id='word_1_230' title='bbox 649 1012 764 1042; x_wconf 80' lang='lat' dir='ltr'>sequitur</span> <span class='ocrx_word' id='word_1_231' title='bbox 784 1012 1126 1042; x_wconf 53' lang='lat' dir='ltr'>continentes2—lValterus,</span> <span class='ocrx_word' id='word_1_232' title='bbox 1152 1015 1199 1037; x_wconf 84' lang='lat' dir='ltr'>etc.</span> 
     </span>
    </p>

    <p class='ocr_par' dir='ltr' id='par_1_4' title="bbox 133 1044 1203 2151">
     <span class='ocr_line' id='line_1_27' title="bbox 209 1044 1199 1075; baseline -0.001 -6"><span class='ocrx_word' id='word_1_233' title='bbox 209 1064 213 1069; x_wconf 93' lang='lat'>.</span> <span class='ocrx_word' id='word_1_234' title='bbox 234 1045 354 1074; x_wconf 80' lang='lat' dir='ltr'>Gilberto,</span> <span class='ocrx_word' id='word_1_235' title='bbox 367 1047 421 1074; x_wconf 65' lang='lat' dir='ltr'>etc„</span> <span class='ocrx_word' id='word_1_236' title='bbox 434 1044 549 1072; x_wconf 84' lang='lat' dir='ltr'>salutem,</span> <span class='ocrx_word' id='word_1_237' title='bbox 568 1045 826 1068; x_wconf 71' lang='lat' dir='ltr'>ete—Serenissimus</span> <span class='ocrx_word' id='word_1_238' title='bbox 839 1045 962 1075; x_wconf 78' lang='lat' dir='ltr'>Princeps,</span> <span class='ocrx_word' id='word_1_239' title='bbox 975 1045 1096 1068; x_wconf 81' lang='lat' dir='ltr'>Dominus</span> <span class='ocrx_word' id='word_1_240' title='bbox 1108 1047 1199 1075; x_wconf 87' lang='lat' dir='ltr'>noster,</span> 
     </span>
     <span class='ocr_line' id='line_1_28' title="bbox 134 1076 1199 1108; baseline -0.001 -6"><span class='ocrx_word' id='word_1_241' title='bbox 134 1078 257 1102; x_wconf 81' lang='lat' dir='ltr'>Dominus</span> <span class='ocrx_word' id='word_1_242' title='bbox 279 1078 425 1104; x_wconf 77' lang='lat' dir='ltr'>Edwardus,</span> <span class='ocrx_word' id='word_1_243' title='bbox 446 1077 492 1100; x_wconf 84' lang='lat' dir='ltr'>Dei</span> <span class='ocrx_word' id='word_1_244' title='bbox 511 1076 592 1107; x_wconf 74' lang='lat' dir='ltr'>gracia.</span> <span class='ocrx_word' id='word_1_245' title='bbox 612 1077 665 1100; x_wconf 76' lang='lat' dir='ltr'>Rex</span> <span class='ocrx_word' id='word_1_246' title='bbox 686 1077 775 1107; x_wconf 80' lang='lat' dir='ltr'>Anglie</span> <span class='ocrx_word' id='word_1_247' title='bbox 798 1077 910 1106; x_wconf 84' lang='lat' dir='ltr'>illustris,</span> <span class='ocrx_word' id='word_1_248' title='bbox 934 1078 1019 1101; x_wconf 76' lang='lat' dir='ltr'>Brevis</span> <span class='ocrx_word' id='word_1_249' title='bbox 1042 1078 1081 1101; x_wconf 88' lang='lat' dir='ltr'>sui</span> <span class='ocrx_word' id='word_1_250' title='bbox 1104 1078 1199 1108; x_wconf 80' lang='lat' dir='ltr'>apicem</span> 
     </span>
     <span class='ocr_line' id='line_1_29' title="bbox 134 1109 1199 1141; baseline -0.001 -7"><span class='ocrx_word' id='word_1_251' title='bbox 134 1119 214 1141; x_wconf 83' lang='lat' dir='ltr'>nuper</span> <span class='ocrx_word' id='word_1_252' title='bbox 237 1110 307 1133; x_wconf 85' lang='lat' dir='ltr'>nobis</span> <span class='ocrx_word' id='word_1_253' title='bbox 331 1110 440 1140; x_wconf 81' lang='lat' dir='ltr'>dirigens</span> <span class='ocrx_word' id='word_1_254' title='bbox 463 1109 605 1132; x_wconf 81' lang='lat' dir='ltr'>mandando</span> <span class='ocrx_word' id='word_1_255' title='bbox 634 1109 731 1139; x_wconf 78' lang='lat' dir='ltr'>rogavit</span> <span class='ocrx_word' id='word_1_256' title='bbox 754 1110 828 1140; x_wconf 86' lang='lat' dir='ltr'>quod,</span> <span class='ocrx_word' id='word_1_257' title='bbox 858 1110 917 1140; x_wconf 89' lang='lat' dir='ltr'>quia</span> <span class='ocrx_word' id='word_1_258' title='bbox 939 1118 1013 1140; x_wconf 79' lang='lat' dir='ltr'>super</span> <span class='ocrx_word' id='word_1_259' title='bbox 1041 1111 1144 1134; x_wconf 86' lang='lat' dir='ltr'>(liversis</span> <span class='ocrx_word' id='word_1_260' title='bbox 1173 1112 1199 1133; x_wconf 93' lang='lat' dir='ltr'>et</span> 
     </span>
     <span class='ocr_line' id='line_1_30' title="bbox 134 1142 1199 1173; baseline 0 -7"><span class='ocrx_word' id='word_1_261' title='bbox 134 1143 218 1167; x_wconf 82' lang='lat' dir='ltr'>arduis</span> <span class='ocrx_word' id='word_1_262' title='bbox 235 1143 349 1173; x_wconf 73' lang='lat' dir='ltr'>negociis,</span> <span class='ocrx_word' id='word_1_263' title='bbox 367 1143 450 1173; x_wconf 89' lang='lat' dir='ltr'>ipsum</span> <span class='ocrx_word' id='word_1_264' title='bbox 468 1144 493 1165; x_wconf 86' lang='lat' dir='ltr'>et</span> <span class='ocrx_word' id='word_1_265' title='bbox 511 1142 613 1165; x_wconf 84' lang='lat' dir='ltr'>Statum</span> <span class='ocrx_word' id='word_1_266' title='bbox 632 1142 710 1172; x_wconf 83' lang='lat' dir='ltr'>Regni</span> <span class='ocrx_word' id='word_1_267' title='bbox 727 1143 772 1171; x_wconf 84' lang='lat' dir='ltr'>sui,</span> <span class='ocrx_word' id='word_1_268' title='bbox 792 1145 817 1165; x_wconf 89' lang='lat' dir='ltr'>et</span> <span class='ocrx_word' id='word_1_269' title='bbox 835 1143 943 1166; x_wconf 77' lang='lat' dir='ltr'>maxime</span> <span class='ocrx_word' id='word_1_270' title='bbox 955 1143 1029 1166; x_wconf 80' lang='lat' dir='ltr'>Terre</span> <span class='ocrx_word' id='word_1_271' title='bbox 1049 1151 1093 1166; x_wconf 85' lang='lat' dir='ltr'>sue</span> <span class='ocrx_word' id='word_1_272' title='bbox 1109 1143 1199 1172; x_wconf 84' lang='lat' dir='ltr'>Scocie,</span> 
     </span>
     <span class='ocr_line' id='line_1_31' title="bbox 133 1174 1199 1206; baseline -0.001 -7"><span class='ocrx_word' id='word_1_273' title='bbox 133 1176 271 1206; x_wconf 78' lang='lat' dir='ltr'>specialiter</span> <span class='ocrx_word' id='word_1_274' title='bbox 294 1175 462 1205; x_wconf 77' lang='lat' dir='ltr'>tangentibus,</span> <span class='ocrx_word' id='word_1_275' title='bbox 487 1174 683 1197; x_wconf 76' lang='lat' dir='ltr'>Parliamentum</span> <span class='ocrx_word' id='word_1_276' title='bbox 706 1183 781 1198; x_wconf 87' lang='lat' dir='ltr'>suum</span> <span class='ocrx_word' id='word_1_277' title='bbox 804 1176 870 1205; x_wconf 81' lang='lat' dir='ltr'>apud</span> <span class='ocrx_word' id='word_1_278' title='bbox 896 1175 1154 1205; x_wconf 81' lang='lat' dir='ltr'>Westmonasterium,</span> <span class='ocrx_word' id='word_1_279' title='bbox 1174 1176 1199 1198; x_wconf 88' lang='lat' dir='ltr'>in</span> 
     </span>
     <span class='ocr_line' id='line_1_32' title="bbox 134 1207 1201 1237; baseline -0.001 -5"><span class='ocrx_word' id='word_1_280' title='bbox 134 1209 234 1232; x_wconf 85' lang='lat' dir='ltr'>Octabis</span> <span class='ocrx_word' id='word_1_281' title='bbox 247 1208 332 1231; x_wconf 82' lang='lat' dir='ltr'>Sancti</span> <span class='ocrx_word' id='word_1_282' title='bbox 346 1207 444 1230; x_wconf 82' lang='lat' dir='ltr'>Hillarii</span> <span class='ocrx_word' id='word_1_283' title='bbox 461 1207 573 1237; x_wconf 80' lang='lat' dir='ltr'>proximo</span> <span class='ocrx_word' id='word_1_284' title='bbox 590 1207 691 1235; x_wconf 82' lang='lat' dir='ltr'>futuris,</span> <span class='ocrx_word' id='word_1_285' title='bbox 712 1210 803 1235; x_wconf 78' lang='lat' dir='ltr'>tenere,</span> <span class='ocrx_word' id='word_1_286' title='bbox 825 1210 849 1230; x_wconf 80' lang='lat' dir='ltr'>et</span> <span class='ocrx_word' id='word_1_287' title='bbox 862 1208 992 1231; x_wconf 83' lang='lat' dir='ltr'>nobiscum</span> <span class='ocrx_word' id='word_1_288' title='bbox 1004 1216 1031 1231; x_wconf 86' lang='lat' dir='ltr'>ac</span> <span class='ocrx_word' id='word_1_289' title='bbox 1043 1216 1100 1231; x_wconf 89' lang='lat' dir='ltr'>cum</span> <span class='ocrx_word' id='word_1_290' title='bbox 1113 1208 1201 1231; x_wconf 86' lang='lat' dir='ltr'>ceteris</span> 
     </span>
     <span class='ocr_line' id='line_1_33' title="bbox 134 1239 1200 1271; baseline 0 -7"><span class='ocrx_word' id='word_1_291' title='bbox 134 1241 247 1268; x_wconf 80' lang='lat' dir='ltr'>Prelatis,</span> <span class='ocrx_word' id='word_1_292' title='bbox 262 1241 428 1271; x_wconf 83' lang='lat' dir='ltr'>Magnatibus,</span> <span class='ocrx_word' id='word_1_293' title='bbox 446 1243 471 1263; x_wconf 86' lang='lat' dir='ltr'>et</span> <span class='ocrx_word' id='word_1_294' title='bbox 484 1239 629 1262; x_wconf 84' lang='lat' dir='ltr'>Proceribus</span> <span class='ocrx_word' id='word_1_295' title='bbox 646 1240 707 1262; x_wconf 84' lang='lat' dir='ltr'>dicti</span> <span class='ocrx_word' id='word_1_296' title='bbox 720 1240 798 1270; x_wconf 73' lang='lat' dir='ltr'>Regni</span> <span class='ocrx_word' id='word_1_297' title='bbox 819 1240 908 1263; x_wconf 81' lang='lat' dir='ltr'>habere</span> <span class='ocrx_word' id='word_1_298' title='bbox 921 1241 1037 1271; x_wconf 85' lang='lat' dir='ltr'>proponit</span> <span class='ocrx_word' id='word_1_299' title='bbox 1048 1241 1200 1271; x_wconf 84' lang='lat' dir='ltr'>colloquium</span> 
     </span>
     <span class='ocr_line' id='line_1_34' title="bbox 133 1272 1200 1302; baseline -0.001 -5"><span class='ocrx_word' id='word_1_300' title='bbox 133 1276 159 1297; x_wconf 89' lang='lat' dir='ltr'>et</span> <span class='ocrx_word' id='word_1_301' title='bbox 171 1276 314 1302; x_wconf 77' lang='lat' dir='ltr'>tractatum,</span> <span class='ocrx_word' id='word_1_302' title='bbox 324 1274 435 1296; x_wconf 81' lang='lat' dir='ltr'>Decanos</span> <span class='ocrx_word' id='word_1_303' title='bbox 445 1275 470 1295; x_wconf 88' lang='lat' dir='ltr'>et</span> <span class='ocrx_word' id='word_1_304' title='bbox 480 1272 577 1295; x_wconf 81' lang='lat' dir='ltr'>Priores</span> <span class='ocrx_word' id='word_1_305' title='bbox 588 1272 753 1295; x_wconf 76' lang='lat' dir='ltr'>Ecclesiarum</span> <span class='ocrx_word' id='word_1_306' title='bbox 765 1273 960 1302; x_wconf 82' lang='lat' dir='ltr'>Cathedralium,</span> <span class='ocrx_word' id='word_1_307' title='bbox 969 1281 996 1296; x_wconf 87' lang='lat' dir='ltr'>ac</span> <span class='ocrx_word' id='word_1_308' title='bbox 1009 1273 1200 1296; x_wconf 82' lang='lat' dir='ltr'>Arohidiaconos</span> 
     </span>
     <span class='ocr_line' id='line_1_35' title="bbox 134 1305 1199 1336; baseline 0 -7"><span class='ocrx_word' id='word_1_309' title='bbox 134 1306 214 1330; x_wconf 82' lang='lat' dir='ltr'>tocius</span> <span class='ocrx_word' id='word_1_310' title='bbox 234 1306 362 1329; x_wconf 83' lang='lat' dir='ltr'>Provincie</span> <span class='ocrx_word' id='word_1_311' title='bbox 383 1308 473 1333; x_wconf 82' lang='lat' dir='ltr'>nostre,</span> <span class='ocrx_word' id='word_1_312' title='bbox 493 1305 517 1327; x_wconf 90' lang='lat' dir='ltr'>in</span> <span class='ocrx_word' id='word_1_313' title='bbox 538 1305 641 1335; x_wconf 76' lang='lat' dir='ltr'>propriis</span> <span class='ocrx_word' id='word_1_314' title='bbox 662 1305 780 1335; x_wconf 80' lang='lat' dir='ltr'>personis,</span> <span class='ocrx_word' id='word_1_315' title='bbox 805 1305 921 1335; x_wconf 84' lang='lat' dir='ltr'>Capitula</span> <span class='ocrx_word' id='word_1_316' title='bbox 944 1306 1021 1328; x_wconf 82' lang='lat' dir='ltr'>eciam</span> <span class='ocrx_word' id='word_1_317' title='bbox 1044 1306 1199 1336; x_wconf 80' lang='lat' dir='ltr'>singularum</span> 
     </span>
     <span class='ocr_line' id='line_1_36' title="bbox 134 1337 1198 1368; baseline 0 -6"><span class='ocrx_word' id='word_1_318' title='bbox 134 1339 259 1362; x_wconf 68' lang='lat' dir='ltr'>dictarum</span> <span class='ocrx_word' id='word_1_319' title='bbox 272 1338 438 1362; x_wconf 83' lang='lat' dir='ltr'>Ecclesiarum</span> <span class='ocrx_word' id='word_1_320' title='bbox 452 1337 638 1361; x_wconf 79' lang='lat' dir='ltr'>Cathedralium</span> <span class='ocrx_word' id='word_1_321' title='bbox 652 1345 695 1368; x_wconf 83' lang='lat' dir='ltr'>per</span> <span class='ocrx_word' id='word_1_322' title='bbox 707 1338 843 1368; x_wconf 78' lang='lat' dir='ltr'>singulares</span> <span class='ocrx_word' id='word_1_323' title='bbox 856 1338 1039 1368; x_wconf 77' lang='lat' dir='ltr'>Procuratores,</span> <span class='ocrx_word' id='word_1_324' title='bbox 1059 1341 1084 1361; x_wconf 87' lang='lat' dir='ltr'>et</span> <span class='ocrx_word' id='word_1_325' title='bbox 1097 1339 1198 1362; x_wconf 84' lang='lat' dir='ltr'>Clerum</span> 
     </span>
     <span class='ocr_line' id='line_1_37' title="bbox 134 1370 1199 1402; baseline -0.001 -7"><span class='ocrx_word' id='word_1_326' title='bbox 134 1372 315 1402; x_wconf 81' lang='lat' dir='ltr'>cujuscumque</span> <span class='ocrx_word' id='word_1_327' title='bbox 346 1370 464 1401; x_wconf 79' lang='lat' dir='ltr'>Dyocesis</span> <span class='ocrx_word' id='word_1_328' title='bbox 497 1371 577 1393; x_wconf 82' lang='lat' dir='ltr'>tocius</span> <span class='ocrx_word' id='word_1_329' title='bbox 607 1370 734 1393; x_wconf 87' lang='lat' dir='ltr'>Provincie</span> <span class='ocrx_word' id='word_1_330' title='bbox 769 1373 853 1394; x_wconf 84' lang='lat' dir='ltr'>nostre</span> <span class='ocrx_word' id='word_1_331' title='bbox 886 1379 930 1401; x_wconf 86' lang='lat' dir='ltr'>per</span> <span class='ocrx_word' id='word_1_332' title='bbox 958 1371 1020 1394; x_wconf 83' lang='lat' dir='ltr'>duos</span> <span class='ocrx_word' id='word_1_333' title='bbox 1049 1371 1199 1394; x_wconf 85' lang='lat' dir='ltr'>sufficientes</span> 
     </span>
     <span class='ocr_line' id='line_1_38' title="bbox 134 1403 1199 1432; baseline 0 -5"><span class='ocrx_word' id='word_1_334' title='bbox 134 1405 315 1432; x_wconf 83' lang='lat' dir='ltr'>Procuratores,</span> <span class='ocrx_word' id='word_1_335' title='bbox 328 1404 359 1427; x_wconf 77' lang='lat' dir='ltr'>ad</span> <span class='ocrx_word' id='word_1_336' title='bbox 377 1403 456 1426; x_wconf 86' lang='lat' dir='ltr'>dictos</span> <span class='ocrx_word' id='word_1_337' title='bbox 474 1403 540 1426; x_wconf 80' lang='lat' dir='ltr'>diem</span> <span class='ocrx_word' id='word_1_338' title='bbox 558 1405 583 1425; x_wconf 86' lang='lat' dir='ltr'>et</span> <span class='ocrx_word' id='word_1_339' title='bbox 600 1403 682 1426; x_wconf 84' lang='lat' dir='ltr'>locum</span> <span class='ocrx_word' id='word_1_340' title='bbox 695 1403 777 1426; x_wconf 81' lang='lat' dir='ltr'>venire</span> <span class='ocrx_word' id='word_1_341' title='bbox 792 1403 929 1426; x_wconf 79' lang='lat' dir='ltr'>faceremus</span> <span class='ocrx_word' id='word_1_342' title='bbox 947 1404 978 1427; x_wconf 80' lang='lat' dir='ltr'>ad</span> <span class='ocrx_word' id='word_1_343' title='bbox 995 1404 1156 1427; x_wconf 73' lang='lat' dir='ltr'>tractandum</span> <span class='ocrx_word' id='word_1_344' title='bbox 1174 1406 1199 1427; x_wconf 90' lang='lat' dir='ltr'>et</span> 
     </span>
     <span class='ocr_line' id='line_1_39' title="bbox 134 1435 1199 1466; baseline -0.001 -6"><span class='ocrx_word' id='word_1_345' title='bbox 134 1437 341 1460; x_wconf 83' lang='lat' dir='ltr'>consenciendum</span> <span class='ocrx_word' id='word_1_346' title='bbox 359 1436 406 1459; x_wconf 87' lang='lat' dir='ltr'>hiis</span> <span class='ocrx_word' id='word_1_347' title='bbox 418 1443 467 1466; x_wconf 88' lang='lat' dir='ltr'>que</span> <span class='ocrx_word' id='word_1_348' title='bbox 479 1438 540 1458; x_wconf 86' lang='lat' dir='ltr'>tunc</span> <span class='ocrx_word' id='word_1_349' title='bbox 558 1435 650 1458; x_wconf 82' lang='lat' dir='ltr'>ibidem</span> <span class='ocrx_word' id='word_1_350' title='bbox 663 1436 688 1458; x_wconf 90' lang='lat' dir='ltr'>in</span> <span class='ocrx_word' id='word_1_351' title='bbox 707 1436 831 1466; x_wconf 78' lang='lat' dir='ltr'>premissis</span> <span class='ocrx_word' id='word_1_352' title='bbox 844 1436 976 1466; x_wconf 77' lang='lat' dir='ltr'>contigerit</span> <span class='ocrx_word' id='word_1_353' title='bbox 988 1437 1103 1460; x_wconf 87' lang='lat' dir='ltr'>ordinari.</span> <span class='ocrx_word' id='word_1_354' title='bbox 1139 1437 1199 1466; x_wconf 89' lang='lat' dir='ltr'>Nos,</span> 
     </span>
     <span class='ocr_line' id='line_1_40' title="bbox 134 1468 1198 1499; baseline 0 -7"><span class='ocrx_word' id='word_1_355' title='bbox 134 1477 199 1498; x_wconf 91' lang='lat' dir='ltr'>vero,</span> <span class='ocrx_word' id='word_1_356' title='bbox 211 1469 322 1492; x_wconf 85' lang='lat' dir='ltr'>volentes</span> <span class='ocrx_word' id='word_1_357' title='bbox 341 1468 415 1499; x_wconf 79' lang='lat' dir='ltr'>Regie</span> <span class='ocrx_word' id='word_1_358' title='bbox 433 1468 573 1498; x_wconf 76' lang='lat' dir='ltr'>Majestatis</span> <span class='ocrx_word' id='word_1_359' title='bbox 591 1468 711 1498; x_wconf 78' lang='lat' dir='ltr'>precibus,</span> <span class='ocrx_word' id='word_1_360' title='bbox 733 1471 858 1499; x_wconf 84' lang='lat' dir='ltr'>qnantum</span> <span class='ocrx_word' id='word_1_361' title='bbox 876 1477 934 1492; x_wconf 81' lang='lat' dir='ltr'>oum</span> <span class='ocrx_word' id='word_1_362' title='bbox 952 1469 1004 1492; x_wconf 84' lang='lat' dir='ltr'>Deo</span> <span class='ocrx_word' id='word_1_363' title='bbox 1023 1477 1155 1499; x_wconf 77' lang='lat' dir='ltr'>possumus</span> <span class='ocrx_word' id='word_1_364' title='bbox 1172 1472 1198 1492; x_wconf 85' lang='lat' dir='ltr'>et</span> 
     </span>
     <span class='ocr_line' id='line_1_41' title="bbox 133 1500 1198 1531; baseline 0 -6"><span class='ocrx_word' id='word_1_365' title='bbox 133 1504 256 1531; x_wconf 87' lang='lat' dir='ltr'>tenemur,</span> <span class='ocrx_word' id='word_1_366' title='bbox 283 1503 397 1524; x_wconf 90' lang='lat' dir='ltr'>nostrum</span> <span class='ocrx_word' id='word_1_367' title='bbox 429 1501 541 1524; x_wconf 85' lang='lat' dir='ltr'>animum</span> <span class='ocrx_word' id='word_1_368' title='bbox 573 1500 742 1524; x_wconf 80' lang='lat' dir='ltr'>favorabiliter</span> <span class='ocrx_word' id='word_1_369' title='bbox 771 1501 895 1530; x_wconf 85' lang='lat' dir='ltr'>inclinare,</span> <span class='ocrx_word' id='word_1_370' title='bbox 926 1501 1088 1525; x_wconf 78' lang='lat' dir='ltr'>Fraternitati</span> <span class='ocrx_word' id='word_1_371' title='bbox 1117 1504 1198 1525; x_wconf 88' lang='lat' dir='ltr'>vestre</span> 
     </span>
     <span class='ocr_line' id='line_1_42' title="bbox 135 1533 1198 1563; baseline 0 -6"><span class='ocrx_word' id='word_1_372' title='bbox 135 1534 317 1558; x_wconf 85' lang='lat' dir='ltr'>committimus</span> <span class='ocrx_word' id='word_1_373' title='bbox 327 1536 352 1557; x_wconf 87' lang='lat' dir='ltr'>et</span> <span class='ocrx_word' id='word_1_374' title='bbox 364 1534 512 1557; x_wconf 87' lang='lat' dir='ltr'>mandamus</span> <span class='ocrx_word' id='word_1_375' title='bbox 525 1533 644 1563; x_wconf 79' lang='lat' dir='ltr'>quatinus</span> <span class='ocrx_word' id='word_1_376' title='bbox 657 1533 736 1556; x_wconf 78' lang='lat' dir='ltr'>dictos</span> <span class='ocrx_word' id='word_1_377' title='bbox 750 1534 867 1562; x_wconf 79' lang='lat' dir='ltr'>Decanos,</span> <span class='ocrx_word' id='word_1_378' title='bbox 881 1534 985 1563; x_wconf 81' lang='lat' dir='ltr'>Priores,</span> <span class='ocrx_word' id='word_1_379' title='bbox 998 1534 1198 1563; x_wconf 84' lang='lat' dir='ltr'>Archidiaconos,</span> 
     </span>
     <span class='ocr_line' id='line_1_43' title="bbox 134 1565 1198 1597; baseline 0 -7"><span class='ocrx_word' id='word_1_380' title='bbox 134 1569 165 1590; x_wconf 89' lang='lat' dir='ltr'>ut</span> <span class='ocrx_word' id='word_1_381' title='bbox 186 1567 212 1590; x_wconf 91' lang='lat' dir='ltr'>in</span> <span class='ocrx_word' id='word_1_382' title='bbox 232 1567 335 1597; x_wconf 84' lang='lat' dir='ltr'>propriis</span> <span class='ocrx_word' id='word_1_383' title='bbox 354 1567 470 1597; x_wconf 85' lang='lat' dir='ltr'>personis,</span> <span class='ocrx_word' id='word_1_384' title='bbox 493 1565 609 1596; x_wconf 77' lang='lat' dir='ltr'>Capitula</span> <span class='ocrx_word' id='word_1_385' title='bbox 632 1566 708 1589; x_wconf 72' lang='lat' dir='ltr'>eciam</span> <span class='ocrx_word' id='word_1_386' title='bbox 733 1566 830 1596; x_wconf 80' lang='lat' dir='ltr'>singula</span> <span class='ocrx_word' id='word_1_387' title='bbox 853 1567 1008 1596; x_wconf 82' lang='lat' dir='ltr'>singularum</span> <span class='ocrx_word' id='word_1_388' title='bbox 1032 1567 1198 1590; x_wconf 80' lang='lat' dir='ltr'>Ecclesiarum</span> 
     </span>
     <span class='ocr_line' id='line_1_44' title="bbox 136 1598 1198 1630; baseline 0.001 -8"><span class='ocrx_word' id='word_1_389' title='bbox 136 1599 323 1623; x_wconf 82' lang='lat' dir='ltr'>Cathedralium</span> <span class='ocrx_word' id='word_1_390' title='bbox 343 1602 372 1622; x_wconf 92' lang='lat' dir='ltr'>ut</span> <span class='ocrx_word' id='word_1_391' title='bbox 398 1607 441 1629; x_wconf 84' lang='lat' dir='ltr'>per</span> <span class='ocrx_word' id='word_1_392' title='bbox 470 1598 606 1628; x_wconf 75' lang='lat' dir='ltr'>singulales</span> <span class='ocrx_word' id='word_1_393' title='bbox 630 1599 812 1627; x_wconf 80' lang='lat' dir='ltr'>Procuratoles,</span> <span class='ocrx_word' id='word_1_394' title='bbox 836 1607 863 1622; x_wconf 71' lang='lat' dir='ltr'>ac</span> <span class='ocrx_word' id='word_1_395' title='bbox 883 1599 985 1623; x_wconf 84' lang='lat' dir='ltr'>Clerum</span> <span class='ocrx_word' id='word_1_396' title='bbox 1015 1600 1198 1630; x_wconf 78' lang='lat' dir='ltr'>cujuscumque</span> 
     </span>
     <span class='ocr_line' id='line_1_45' title="bbox 134 1631 1199 1668; baseline 0 -13"><span class='ocrx_word' id='word_1_397' title='bbox 134 1632 251 1663; x_wconf 84' lang='lat' dir='ltr'>Dyocesis</span> <span class='ocrx_word' id='word_1_398' title='bbox 264 1631 376 1662; x_wconf 85' lang='lat' dir='ltr'>ejusdem</span> <span class='ocrx_word' id='word_1_399' title='bbox 389 1634 473 1654; x_wconf 77' lang='lat' dir='ltr'>nostle</span> <span class='ocrx_word' id='word_1_400' title='bbox 484 1631 618 1668; x_wconf 75' lang='lat' dir='ltr'>Provincie‚</span> <span class='ocrx_word' id='word_1_401' title='bbox 630 1633 659 1654; x_wconf 89' lang='lat' dir='ltr'>ut</span> <span class='ocrx_word' id='word_1_402' title='bbox 671 1639 714 1661; x_wconf 85' lang='lat' dir='ltr'>per</span> <span class='ocrx_word' id='word_1_403' title='bbox 726 1631 789 1654; x_wconf 74' lang='lat' dir='ltr'>duos</span> <span class='ocrx_word' id='word_1_404' title='bbox 801 1632 951 1655; x_wconf 80' lang='lat' dir='ltr'>sufficientes</span> <span class='ocrx_word' id='word_1_405' title='bbox 961 1633 1108 1655; x_wconf 72' lang='lat' dir='ltr'>Procuratm</span> <span class='ocrx_word' id='word_1_406' title='bbox 1110 1640 1142 1661; x_wconf 89' lang='lat' dir='ltr'>es</span> <span class='ocrx_word' id='word_1_407' title='bbox 1155 1640 1199 1663; x_wconf 85' lang='lat' dir='ltr'>pe1</span> 
     </span>
     <span class='ocr_line' id='line_1_46' title="bbox 134 1663 1198 1695; baseline 0.001 -8"><span class='ocrx_word' id='word_1_408' title='bbox 134 1665 243 1695; x_wconf 88' lang='lat' dir='ltr'>singulos</span> <span class='ocrx_word' id='word_1_409' title='bbox 255 1664 337 1695; x_wconf 87' lang='lat' dir='ltr'>singul</span> <span class='ocrx_word' id='word_1_410' title='bbox 339 1672 410 1687; x_wconf 79' lang='lat' dir='ltr'>arum</span> <span class='ocrx_word' id='word_1_411' title='bbox 424 1664 463 1694; x_wconf 81' lang='lat' dir='ltr'>Dy</span> <span class='ocrx_word' id='word_1_412' title='bbox 465 1663 573 1687; x_wconf 78' lang='lat' dir='ltr'>ocesium</span> <span class='ocrx_word' id='word_1_413' title='bbox 586 1666 669 1686; x_wconf 88' lang='lat' dir='ltr'>nostre</span> <span class='ocrx_word' id='word_1_414' title='bbox 681 1664 815 1693; x_wconf 78' lang='lat' dir='ltr'>Plovincie,</span> <span class='ocrx_word' id='word_1_415' title='bbox 826 1664 895 1687; x_wconf 89' lang='lat' dir='ltr'>citari</span> <span class='ocrx_word' id='word_1_416' title='bbox 908 1665 1033 1688; x_wconf 86' lang='lat' dir='ltr'>mandetis</span> <span class='ocrx_word' id='word_1_417' title='bbox 1045 1666 1113 1695; x_wconf 89' lang='lat' dir='ltr'>quod</span> <span class='ocrx_word' id='word_1_418' title='bbox 1125 1665 1198 1688; x_wconf 85' lang='lat' dir='ltr'>dictis</span> 
     </span>
     <span class='ocr_line' id='line_1_47' title="bbox 133 1696 1200 1728; baseline 0.001 -8"><span class='ocrx_word' id='word_1_419' title='bbox 133 1697 173 1720; x_wconf 88' lang='lat' dir='ltr'>die</span> <span class='ocrx_word' id='word_1_420' title='bbox 190 1700 216 1720; x_wconf 89' lang='lat' dir='ltr'>et</span> <span class='ocrx_word' id='word_1_421' title='bbox 233 1697 285 1720; x_wconf 88' lang='lat' dir='ltr'>loco</span> <span class='ocrx_word' id='word_1_422' title='bbox 303 1699 461 1727; x_wconf 79' lang='lat' dir='ltr'>compareant</span> <span class='ocrx_word' id='word_1_423' title='bbox 478 1699 504 1719; x_wconf 86' lang='lat' dir='ltr'>et</span> <span class='ocrx_word' id='word_1_424' title='bbox 519 1696 644 1725; x_wconf 80' lang='lat' dir='ltr'>intersint,</span> <span class='ocrx_word' id='word_1_425' title='bbox 658 1697 789 1719; x_wconf 79' lang='lat' dir='ltr'>tractaturi</span> <span class='ocrx_word' id='word_1_426' title='bbox 808 1699 833 1720; x_wconf 86' lang='lat' dir='ltr'>et</span> <span class='ocrx_word' id='word_1_427' title='bbox 850 1697 993 1720; x_wconf 82' lang='lat' dir='ltr'>consensuri</span> <span class='ocrx_word' id='word_1_428' title='bbox 1005 1697 1052 1720; x_wconf 84' lang='lat' dir='ltr'>hiis</span> <span class='ocrx_word' id='word_1_429' title='bbox 1065 1704 1113 1727; x_wconf 85' lang='lat' dir='ltr'>que</span> <span class='ocrx_word' id='word_1_430' title='bbox 1125 1705 1200 1728; x_wconf 87' lang='lat' dir='ltr'>super</span> 
     </span>
     <span class='ocr_line' id='line_1_48' title="bbox 133 1715 1199 1760; baseline 0.001 -8"><span class='ocrx_word' id='word_1_431' title='bbox 133 1730 258 1760; x_wconf 85' lang='lat' dir='ltr'>premissis</span> <span class='ocrx_word' id='word_1_432' title='bbox 275 1732 336 1753; x_wconf 89' lang='lat' dir='ltr'>tunc</span> <span class='ocrx_word' id='word_1_433' title='bbox 353 1729 447 1752; x_wconf 84' lang='lat' dir='ltr'>ibidem</span> <span class='ocrx_word' id='word_1_434' title='bbox 459 1728 590 1759; x_wconf 79' lang='lat' dir='ltr'>contigerit</span> <span class='ocrx_word' id='word_1_435' title='bbox 607 1715 722 1758; x_wconf 77' lang='lat' dir='ltr'>ordinari,</span> <span class='ocrx_word' id='word_1_436' title='bbox 741 1729 787 1752; x_wconf 84' lang='lat' dir='ltr'>hoc</span> <span class='ocrx_word' id='word_1_437' title='bbox 804 1729 886 1759; x_wconf 81' lang='lat' dir='ltr'>ipsum</span> <span class='ocrx_word' id='word_1_438' title='bbox 899 1730 966 1760; x_wconf 81' lang='lat' dir='ltr'>apud</span> <span class='ocrx_word' id='word_1_439' title='bbox 978 1732 1073 1753; x_wconf 84' lang='lat' dir='ltr'>vestros</span> <span class='ocrx_word' id='word_1_440' title='bbox 1085 1730 1199 1753; x_wconf 86' lang='lat' dir='ltr'>subditos</span> 
     </span>
     <span class='ocr_line' id='line_1_49' title="bbox 134 1761 1199 1793; baseline 0.001 -8"><span class='ocrx_word' id='word_1_441' title='bbox 134 1762 247 1785; x_wconf 88' lang='lat' dir='ltr'>similiter</span> <span class='ocrx_word' id='word_1_442' title='bbox 259 1764 415 1792; x_wconf 81' lang='lat' dir='ltr'>exequentes.</span> <span class='ocrx_word' id='word_1_443' title='bbox 452 1762 489 1785; x_wconf 90' lang='lat' dir='ltr'>De</span> <span class='ocrx_word' id='word_1_444' title='bbox 502 1761 548 1791; x_wconf 88' lang='lat' dir='ltr'>die,</span> <span class='ocrx_word' id='word_1_445' title='bbox 562 1769 625 1789; x_wconf 74' lang='lat' dir='ltr'>vers),</span> <span class='ocrx_word' id='word_1_446' title='bbox 639 1762 787 1792; x_wconf 84' lang='lat' dir='ltr'>recepcionis</span> <span class='ocrx_word' id='word_1_447' title='bbox 800 1762 966 1791; x_wconf 77' lang='lat' dir='ltr'>Presencium,</span> <span class='ocrx_word' id='word_1_448' title='bbox 979 1765 1005 1785; x_wconf 92' lang='lat' dir='ltr'>et</span> <span class='ocrx_word' id='word_1_449' title='bbox 1017 1763 1079 1793; x_wconf 80' lang='lat' dir='ltr'>quid</span> <span class='ocrx_word' id='word_1_450' title='bbox 1090 1763 1199 1786; x_wconf 79' lang='lat' dir='ltr'>feceritis</span> 
     </span>
     <span class='ocr_line' id='line_1_50' title="bbox 134 1794 1199 1825; baseline 0 -7"><span class='ocrx_word' id='word_1_451' title='bbox 134 1795 161 1818; x_wconf 90' lang='lat' dir='ltr'>in</span> <span class='ocrx_word' id='word_1_452' title='bbox 178 1795 311 1825; x_wconf 79' lang='lat' dir='ltr'>premissis,</span> <span class='ocrx_word' id='word_1_453' title='bbox 335 1802 386 1821; x_wconf 81' lang='lat' dir='ltr'>nos,</span> <span class='ocrx_word' id='word_1_454' title='bbox 407 1794 481 1817; x_wconf 87' lang='lat' dir='ltr'>dictis</span> <span class='ocrx_word' id='word_1_455' title='bbox 500 1794 539 1817; x_wconf 87' lang='lat' dir='ltr'>die</span> <span class='ocrx_word' id='word_1_456' title='bbox 563 1796 588 1816; x_wconf 84' lang='lat' dir='ltr'>et</span> <span class='ocrx_word' id='word_1_457' title='bbox 606 1794 666 1823; x_wconf 89' lang='lat' dir='ltr'>loco,</span> <span class='ocrx_word' id='word_1_458' title='bbox 691 1802 740 1817; x_wconf 76' lang='lat' dir='ltr'>una</span> <span class='ocrx_word' id='word_1_459' title='bbox 760 1802 817 1817; x_wconf 89' lang='lat' dir='ltr'>cum</span> <span class='ocrx_word' id='word_1_460' title='bbox 841 1795 984 1818; x_wconf 83' lang='lat' dir='ltr'>nominibus</span> <span class='ocrx_word' id='word_1_461' title='bbox 1007 1796 1148 1824; x_wconf 85' lang='lat' dir='ltr'>citatorum,</span> <span class='ocrx_word' id='word_1_462' title='bbox 1172 1795 1199 1819; x_wconf 91' lang='lat' dir='ltr'>in</span> 
     </span>
     <span class='ocr_line' id='line_1_51' title="bbox 134 1827 1198 1857; baseline 0.001 -7"><span class='ocrx_word' id='word_1_463' title='bbox 134 1828 242 1857; x_wconf 81' lang='lat' dir='ltr'>quadam</span> <span class='ocrx_word' id='word_1_464' title='bbox 262 1827 356 1851; x_wconf 82' lang='lat' dir='ltr'>Cedula</span> <span class='ocrx_word' id='word_1_465' title='bbox 375 1829 457 1850; x_wconf 84' lang='lat' dir='ltr'>vestro</span> <span class='ocrx_word' id='word_1_466' title='bbox 477 1827 655 1850; x_wconf 85' lang='lat' dir='ltr'>Certificatorio</span> <span class='ocrx_word' id='word_1_467' title='bbox 674 1834 770 1850; x_wconf 82' lang='lat' dir='ltr'>annexa</span> <span class='ocrx_word' id='word_1_468' title='bbox 788 1827 939 1857; x_wconf 84' lang='lat' dir='ltr'>conscriptis,</span> <span class='ocrx_word' id='word_1_469' title='bbox 961 1830 1085 1857; x_wconf 79' lang='lat' dir='ltr'>quatenus</span> <span class='ocrx_word' id='word_1_470' title='bbox 1103 1828 1135 1851; x_wconf 90' lang='lat' dir='ltr'>ad</span> <span class='ocrx_word' id='word_1_471' title='bbox 1156 1836 1198 1851; x_wconf 89' lang='lat' dir='ltr'>vos</span> 
     </span>
     <span class='ocr_line' id='line_1_52' title="bbox 133 1858 1197 1890; baseline 0.002 -8"><span class='ocrx_word' id='word_1_472' title='bbox 133 1858 225 1883; x_wconf 82' lang='lat' dir='ltr'>attinet</span> <span class='ocrx_word' id='word_1_473' title='bbox 242 1859 376 1883; x_wconf 85' lang='lat' dir='ltr'>certificare</span> <span class='ocrx_word' id='word_1_474' title='bbox 396 1859 494 1883; x_wconf 82' lang='lat' dir='ltr'>curetis.</span> <span class='ocrx_word' id='word_1_475' title='bbox 531 1860 564 1882; x_wconf 88' lang='lat' dir='ltr'>Et</span> <span class='ocrx_word' id='word_1_476' title='bbox 583 1862 676 1882; x_wconf 81' lang='lat' dir='ltr'>ceteros</span> <span class='ocrx_word' id='word_1_477' title='bbox 690 1859 851 1890; x_wconf 82' lang='lat' dir='ltr'>Coepiscopos</span> <span class='ocrx_word' id='word_1_478' title='bbox 869 1862 974 1888; x_wconf 85' lang='lat' dir='ltr'>nostros,</span> <span class='ocrx_word' id='word_1_479' title='bbox 992 1862 1022 1883; x_wconf 89' lang='lat' dir='ltr'>ut</span> <span class='ocrx_word' id='word_1_480' title='bbox 1039 1868 1083 1883; x_wconf 89' lang='lat' dir='ltr'>nos</span> <span class='ocrx_word' id='word_1_481' title='bbox 1101 1861 1131 1884; x_wconf 80' lang='lat' dir='ltr'>cie</span> <span class='ocrx_word' id='word_1_482' title='bbox 1152 1869 1197 1884; x_wconf 86' lang='lat' dir='ltr'>suo</span> 
     </span>
     <span class='ocr_line' id='line_1_53' title="bbox 134 1892 1200 1923; baseline 0.001 -8"><span class='ocrx_word' id='word_1_483' title='bbox 134 1892 207 1921; x_wconf 77' lang='lat' dir='ltr'>facto,</span> <span class='ocrx_word' id='word_1_484' title='bbox 220 1892 251 1915; x_wconf 80' lang='lat' dir='ltr'>ad</span> <span class='ocrx_word' id='word_1_485' title='bbox 262 1892 328 1923; x_wconf 87' lang='lat' dir='ltr'>ipsos</span> <span class='ocrx_word' id='word_1_486' title='bbox 340 1892 405 1915; x_wconf 83' lang='lat' dir='ltr'>diem</span> <span class='ocrx_word' id='word_1_487' title='bbox 419 1894 445 1915; x_wconf 89' lang='lat' dir='ltr'>et</span> <span class='ocrx_word' id='word_1_488' title='bbox 454 1892 543 1921; x_wconf 83' lang='lat' dir='ltr'>locum,</span> <span class='ocrx_word' id='word_1_489' title='bbox 554 1892 601 1915; x_wconf 82' lang='lat' dir='ltr'>sub</span> <span class='ocrx_word' id='word_1_490' title='bbox 613 1892 699 1914; x_wconf 82' lang='lat' dir='ltr'>eadem</span> <span class='ocrx_word' id='word_1_491' title='bbox 712 1892 791 1915; x_wconf 79' lang='lat' dir='ltr'>forma</span> <span class='ocrx_word' id='word_1_492' title='bbox 800 1893 894 1923; x_wconf 81' lang='lat' dir='ltr'>ydonee</span> <span class='ocrx_word' id='word_1_493' title='bbox 905 1892 1050 1922; x_wconf 87' lang='lat' dir='ltr'>certificent,</span> <span class='ocrx_word' id='word_1_494' title='bbox 1061 1893 1200 1916; x_wconf 80' lang='lat' dir='ltr'>districcius</span> 
     </span>
     <span class='ocr_line' id='line_1_54' title="bbox 135 1924 1199 1956; baseline 0 -8"><span class='ocrx_word' id='word_1_495' title='bbox 135 1924 272 1955; x_wconf 84' lang='lat' dir='ltr'>injungatis</span> <span class='ocrx_word' id='word_1_496' title='bbox 290 1933 333 1955; x_wconf 89' lang='lat' dir='ltr'>per</span> <span class='ocrx_word' id='word_1_497' title='bbox 351 1925 468 1948; x_wconf 87' lang='lat' dir='ltr'>Patentes</span> <span class='ocrx_word' id='word_1_498' title='bbox 487 1925 588 1953; x_wconf 83' lang='lat' dir='ltr'>Literas,</span> <span class='ocrx_word' id='word_1_499' title='bbox 608 1924 696 1947; x_wconf 75' lang='grc'><strong>1111111111</strong></span> <span class='ocrx_word' id='word_1_500' title='bbox 714 1925 802 1948; x_wconf 87' lang='lat' dir='ltr'>seriem</span> <span class='ocrx_word' id='word_1_501' title='bbox 820 1925 1114 1948; x_wconf 78' lang='lat' dir='ltr'>continentes—Datum</span> <span class='ocrx_word' id='word_1_502' title='bbox 1132 1926 1199 1956; x_wconf 86' lang='lat' dir='ltr'>apud</span> 
     </span>
     <span class='ocr_line' id='line_1_55' title="bbox 137 1957 1199 1988; baseline 0.001 -8"><span class='ocrx_word' id='word_1_503' title='bbox 137 1957 244 1986; x_wconf 81' lang='lat' dir='ltr'>Eromle,</span> <span class='ocrx_word' id='word_1_504' title='bbox 268 1957 387 1980; x_wconf 84' lang='lat' dir='ltr'>Kalendis</span> <span class='ocrx_word' id='word_1_505' title='bbox 411 1957 561 1985; x_wconf 82' lang='lat' dir='ltr'>Decembris,</span> <span class='ocrx_word' id='word_1_506' title='bbox 590 1957 664 1979; x_wconf 89' lang='lat' dir='ltr'>Anno</span> <span class='ocrx_word' id='word_1_507' title='bbox 688 1957 789 1980; x_wconf 82' lang='lat' dir='ltr'>Domini</span> <span class='ocrx_word' id='word_1_508' title='bbox 819 1957 949 1981; x_wconf 78' lang='lat' dir='ltr'>Millesimo</span> <span class='ocrx_word' id='word_1_509' title='bbox 978 1958 1075 1981; x_wconf 68' lang='lat' dir='ltr'>CCan</span> <span class='ocrx_word' id='word_1_510' title='bbox 1104 1958 1199 1988; x_wconf 58' lang='lat' dir='ltr'>xiiij.»—</span> 
     </span>
     <span class='ocr_line' id='line_1_56' title="bbox 138 1989 1199 2020; baseline 0.001 -8"><span class='ocrx_word' id='word_1_511' title='bbox 138 1990 263 2018; x_wconf 84' lang='lat' dir='ltr'>Quocirca,</span> <span class='ocrx_word' id='word_1_512' title='bbox 273 1990 342 2012; x_wconf 84' lang='lat' dir='ltr'>vobis</span> <span class='ocrx_word' id='word_1_513' title='bbox 355 1990 502 2012; x_wconf 78' lang='lat' dir='ltr'>mandamus</span> <span class='ocrx_word' id='word_1_514' title='bbox 515 1990 635 2020; x_wconf 84' lang='lat' dir='ltr'>quatinus</span> <span class='ocrx_word' id='word_1_515' title='bbox 646 1990 780 2017; x_wconf 85' lang='lat' dir='ltr'>Decanum,</span> <span class='ocrx_word' id='word_1_516' title='bbox 791 1989 1008 2019; x_wconf 83' lang='lat' dir='ltr'>Archidiaconum,</span> <span class='ocrx_word' id='word_1_517' title='bbox 1018 1993 1043 2013; x_wconf 88' lang='lat' dir='ltr'>et</span> <span class='ocrx_word' id='word_1_518' title='bbox 1054 1990 1199 2020; x_wconf 82' lang='lat' dir='ltr'>Capitulum</span> 
     </span>
     <span class='ocr_line' id='line_1_57' title="bbox 138 2022 1199 2053; baseline 0.001 -8"><span class='ocrx_word' id='word_1_519' title='bbox 138 2022 245 2045; x_wconf 86' lang='lat' dir='ltr'>Ecclesie</span> <span class='ocrx_word' id='word_1_520' title='bbox 258 2024 346 2050; x_wconf 86' lang='lat' dir='ltr'>vestre,</span> <span class='ocrx_word' id='word_1_521' title='bbox 364 2030 392 2045; x_wconf 83' lang='lat' dir='ltr'>ac</span> <span class='ocrx_word' id='word_1_522' title='bbox 405 2022 504 2046; x_wconf 89' lang='lat' dir='ltr'>Clerum</span> <span class='ocrx_word' id='word_1_523' title='bbox 518 2025 598 2045; x_wconf 87' lang='lat' dir='ltr'>vestre</span> <span class='ocrx_word' id='word_1_524' title='bbox 612 2022 736 2052; x_wconf 77' lang='lat' dir='ltr'>Dyocesis,</span> <span class='ocrx_word' id='word_1_525' title='bbox 755 2022 825 2045; x_wconf 86' lang='lat' dir='ltr'>citari</span> <span class='ocrx_word' id='word_1_526' title='bbox 837 2023 938 2051; x_wconf 82' lang='lat' dir='ltr'>faciatis,</span> <span class='ocrx_word' id='word_1_527' title='bbox 957 2023 1024 2053; x_wconf 82' lang='lat' dir='ltr'>quod</span> <span class='ocrx_word' id='word_1_528' title='bbox 1037 2023 1110 2046; x_wconf 81' lang='lat' dir='ltr'>dictis</span> <span class='ocrx_word' id='word_1_529' title='bbox 1122 2023 1161 2046; x_wconf 85' lang='lat' dir='ltr'>die</span> <span class='ocrx_word' id='word_1_530' title='bbox 1174 2026 1199 2046; x_wconf 88' lang='lat' dir='ltr'>et</span> 
     </span>
     <span class='ocr_line' id='line_1_58' title="bbox 139 2054 1200 2085; baseline 0.001 -8"><span class='ocrx_word' id='word_1_531' title='bbox 139 2054 192 2077; x_wconf 86' lang='lat' dir='ltr'>loco</span> <span class='ocrx_word' id='word_1_532' title='bbox 215 2056 373 2084; x_wconf 83' lang='lat' dir='ltr'>compareant</span> <span class='ocrx_word' id='word_1_533' title='bbox 395 2057 421 2078; x_wconf 89' lang='lat' dir='ltr'>et</span> <span class='ocrx_word' id='word_1_534' title='bbox 443 2055 567 2084; x_wconf 89' lang='lat' dir='ltr'>intersint,</span> <span class='ocrx_word' id='word_1_535' title='bbox 588 2054 664 2085; x_wconf 77' lang='lat' dir='ltr'>juxta</span> <span class='ocrx_word' id='word_1_536' title='bbox 687 2055 792 2078; x_wconf 77' lang='lat' dir='ltr'>formam</span> <span class='ocrx_word' id='word_1_537' title='bbox 816 2058 842 2078; x_wconf 84' lang='lat' dir='ltr'>et</span> <span class='ocrx_word' id='word_1_538' title='bbox 862 2056 978 2078; x_wconf 84' lang='lat' dir='ltr'>effectum</span> <span class='ocrx_word' id='word_1_539' title='bbox 1003 2056 1116 2079; x_wconf 78' lang='lat' dir='ltr'>Mandati</span> <span class='ocrx_word' id='word_1_540' title='bbox 1138 2056 1200 2078; x_wconf 84' lang='lat' dir='ltr'>dicti</span> 
     </span>
     <span class='ocr_line' id='line_1_59' title="bbox 140 2087 1202 2117; baseline 0.001 -7"><span class='ocrx_word' id='word_1_541' title='bbox 140 2087 297 2110; x_wconf 76' lang='lat' dir='ltr'>Patris—Et</span> <span class='ocrx_word' id='word_1_542' title='bbox 309 2087 370 2117; x_wconf 88' lang='lat' dir='ltr'>quid</span> <span class='ocrx_word' id='word_1_543' title='bbox 382 2087 490 2110; x_wconf 86' lang='lat' dir='ltr'>feceritis</span> <span class='ocrx_word' id='word_1_544' title='bbox 502 2087 527 2110; x_wconf 89' lang='lat' dir='ltr'>in</span> <span class='ocrx_word' id='word_1_545' title='bbox 540 2087 671 2117; x_wconf 78' lang='lat' dir='ltr'>premissis,</span> <span class='ocrx_word' id='word_1_546' title='bbox 686 2095 734 2110; x_wconf 84' lang='lat' dir='ltr'>una</span> <span class='ocrx_word' id='word_1_547' title='bbox 746 2095 803 2110; x_wconf 89' lang='lat' dir='ltr'>cum</span> <span class='ocrx_word' id='word_1_548' title='bbox 815 2088 958 2111; x_wconf 87' lang='lat' dir='ltr'>nominibus</span> <span class='ocrx_word' id='word_1_549' title='bbox 971 2087 1111 2117; x_wconf 82' lang='lat' dir='ltr'>citatorum,</span> <span class='ocrx_word' id='word_1_550' title='bbox 1125 2090 1150 2111; x_wconf 87' lang='lat' dir='ltr'>et</span> <span class='ocrx_word' id='word_1_551' title='bbox 1163 2088 1202 2111; x_wconf 84' lang='lat' dir='ltr'>die</span> 
     </span>
     <span class='ocr_line' id='line_1_60' title="bbox 140 2119 1203 2151; baseline 0.001 -8"><span class='ocrx_word' id='word_1_552' title='bbox 140 2119 288 2150; x_wconf 76' lang='lat' dir='ltr'>recepcionis</span> <span class='ocrx_word' id='word_1_553' title='bbox 310 2120 477 2149; x_wconf 84' lang='lat' dir='ltr'>Presencium,</span> <span class='ocrx_word' id='word_1_554' title='bbox 500 2119 618 2151; x_wconf 86' lang='lat' dir='ltr'>predictis</span> <span class='ocrx_word' id='word_1_555' title='bbox 646 2119 685 2143; x_wconf 83' lang='lat' dir='ltr'>die</span> <span class='ocrx_word' id='word_1_556' title='bbox 713 2121 740 2144; x_wconf 84' lang='lat' dir='ltr'>et</span> <span class='ocrx_word' id='word_1_557' title='bbox 767 2120 820 2144; x_wconf 84' lang='lat' dir='ltr'>loco</span> <span class='ocrx_word' id='word_1_558' title='bbox 848 2120 956 2144; x_wconf 83' lang='lat' dir='ltr'>eundem</span> <span class='ocrx_word' id='word_1_559' title='bbox 985 2120 1092 2150; x_wconf 85' lang='lat' dir='ltr'>Patrem,</span> <span class='ocrx_word' id='word_1_560' title='bbox 1129 2122 1203 2151; x_wconf 85' lang='lat' dir='ltr'>prout</span> 
     </span>
    </p>
   </div>
  </div>
 </body>
</html>
