1328 2295
341 144 463 172 ROYAL
497 145 663 171 LETTERS
698 146 781 171 ΛΝΒ
816 146 949 172 WRI'rs.
1155 137 1226 171 445

159 220 204 243 bus
214 220 342 245 mulierum
353 222 416 245 dicte.
428 222 540 245 Parochie
554 222 700 245 inveniendis
713 222 736 245 in
748 222 852 245 Ecclesia
864 222 984 245 antedicta
995 229 1000 249 ;
1017 221 1123 251 predicte
1135 221 1225 250 Partes,

159 249 188 272 de
207 257 317 280 expresso
336 259 451 275 consensu
468 252 603 280 earundem,
617 254 795 281 supposuerunt
811 259 835 274 se
852 259 924 281 super
939 252 1092 274 contencione
1105 251 1227 274 antedicta

159 280 276 303 veredicto
293 282 449 304 Dominorum
466 282 555 304 Thome
572 282 601 303 sle
618 282 736 309 Hentone,
754 282 843 304 Thome
860 282 888 304 de
904 282 1042 309 Teyngtone
1053 281 1104 303 Dru
1121 280 1224 311 [Drews-

159 309 282 340 teiqnton].
302 311 420 334 Johannis
444 311 473 333 (lc
494 311 627 340 Uppetone,
646 312 805 333 Ecclesinrum
821 312 964 339 Rectorum;
990 311 1116 339 Radulphi,
1136 310 1225 333 Vicarii

160 339 262 362 Ecclesie
273 341 302 363 (le
313 341 450 369 Tewgtone
461 341 580 370 Episcopi,
594 341 609 363 J
612 341 711 363 ohannis
723 341 751 363 tle
762 341 902 370 Eggebeare,
912 341 1022 369 Hugonis
1033 340 1062 362 de
1072 340 1220 368 Chulmelcy‚

160 370 184 391 et
205 369 319 393 willelmi
340 371 369 392 de
391 371 560 397 ssrounestone,
584 371 778 399 eapellanormn,
807 371 840 392 ita
862 370 934 399 quod,
958 370 1059 399 prestito
1082 370 1112 392 ab
1133 369 1222 392 eisdem

156 397 293 426 juramento
311 400 340 422 de
360 400 458 422 veritate
475 400 574 422 dicenda
591 400 615 422 in
633 400 677 422 hac
695 401 769 428 parte,
788 400 858 422 unico
875 401 998 428 concentu,
1018 407 1066 422 non
1083 400 1179 427 secreto,
1199 400 1223 421 et

159 427 296 456 singillatim
314 430 450 457 examinati,
463 436 547 458 puram
567 431 591 451 et
609 437 696 451 meram
710 430 833 452 veritatem
850 430 931 452 (licant
947 436 1019 458 super
1034 429 1187 451 contencione
1198 430 1222 451 et

159 459 317 481 controversia
338 459 472 481 antedictis,
515 459 608 486 Quibus
629 466 706 481 eornm
728 459 797 481 nohis
815 459 902 487 juratis
924 460 948 481 iu
969 466 1039 481 causa
1061 466 1103 481 seu
1125 458 1221 487 negocio

158 489 301 516 memoratis,
325 488 438 511 dixerunt
460 490 483 511 et
504 490 663 516 asseruerunt,
687 489 711 510 in
731 489 820 511 virtute
841 489 981 511 sacramenti
1001 488 1136 515 eorundem,
1156 488 1222 517 quod

157 516 268 540 Rectores
286 519 314 540 tle
333 518 470 546 Churytone
489 519 531 547 qui
552 525 595 547 pro
612 520 718 547 tempore
735 518 834 540 fuerunt
854 520 1011 547 perceperunt
1032 520 1055 540 et
1076 518 1175 540 fuerunt
1196 518 1220 539 in

156 548 310 575 possessione,
328 548 364 570 vel
387 548 455 576 quasi
474 548 534 575 jure,
553 548 699 576 percipiendi
720 548 849 569 fecundum
871 548 955 569 melius
974 548 1079 569 averium
1101 547 1130 569 de
1152 547 1220 569 bonis

157 575 357 600 Parochianorum
373 577 436 599 dicte
455 577 557 599 Ecclesic
575 577 748 604 decedendum,
766 578 861 599 nomine
874 577 1006 605 moimarii,
1024 578 1073 599 tam
1089 577 1220 599 liberorum

158 611 229 633 quam
255 614 384 634 servorum,
408 607 578 635 cujuscumque
604 608 682 629 status
708 608 750 629 aut
772 607 916 628 condicionis
942 607 1054 629 existant.
1097 607 1128 628 Et
1154 606 1220 635 quod

158 634 268 659 Rectores
284 637 325 665 qui
341 643 385 665 pro
401 638 507 665 ternpore
523 636 621 658 suerunt
637 638 808 658 consueverunt
819 637 923 658 invenire
934 643 1012 658 cereos
1023 636 1215 664 processionales,

156 671 209 687 cum
222 666 318 688 candela
328 665 460 693 benedictn,
474 666 511 688 ‹lie
523 666 699 688 Purificaciouis
712 666 783 688 Beate
795 666 869 688 Mai-ie
881 665 1018 694 sumptibus
1029 665 1166 687 eorundem.
1190 666 1221 688 Et

157 694 220 722 quod
237 696 347 717 mulieres
365 695 511 724 purificando
529 696 553 717 iu
564 695 668 717 Ecclesia
685 695 806 717 antedicta
821 695 845 717 in
858 695 1068 717 Purificacionibus
1079 695 1216 722 earundem,

157 725 294 753 sumptibus
315 725 417 754 propriis
444 725 552 747 candelas
579 725 682 746 invenire
709 726 888 747 consueverunt.
933 725 1002 747 Unde
1027 731 1078 752 nos,
1107 724 1219 747 Officialis

157 754 298 782 antedictus,
311 755 340 776 de
351 761 461 783 expresso
478 761 591 776 consensu
603 754 737 780 earundem,
751 755 780 776 ad
791 754 938 776 Sentenciam
951 755 1108 783 processimus
1119 755 1144 776 in
1155 754 1219 776 hunc

157 783 326 812 modum-IN
346 784 394 806 DEI
413 784 525 811 Nonum,
545 784 759 806 Anum—Auditis
781 785 805 806 et
825 784 952 806 intellectis
973 784 1065 806 meritis
1086 790 1156 805 cause
1177 790 1219 805 seu

157 813 255 841 negocii,
268 820 314 842 que
330 814 367 835 vel
383 813 448 842 quod
459 814 560 835 vertitur
572 814 633 835 inter
644 813 768 839 Thomam,
782 813 904 836 Rectorem
917 813 1019 835 Ecclesie
1030 813 1059 835 de
1071 813 1217 841 Churytone,

158 848 186 864 ex
203 845 270 871 parte
288 850 342 871 una,
356 844 380 865 et
397 843 554 865 l'arochianos
573 843 678 870 ejusdem
695 850 723 865 ex
740 843 830 869 altera;
847 843 904 872 quia
919 843 1044 865 manifeste
1060 843 1218 871 comperimus

156 871 282 894 Ecclesiam
304 872 333 895 de
355 872 492 901 Churytone
512 872 664 900 antedictam,
689 874 713 894 et
734 873 844 894 Rectores
866 872 973 901 ejusdem
994 873 1035 901 qui
1051 879 1095 901 pro
1110 874 1217 901 tempore

156 900 261 930 fuerunt,
284 909 334 924 esse
354 902 378 924 in
399 903 497 930 pacifica
517 902 671 930 possessione,
694 902 729 924 vel
752 903 819 931 quasi
837 902 898 930 jure,
921 902 1067 931 percipiendi
1088 902 1218 924 secundum

157 931 242 954 melius
263 932 376 959 averium,
399 932 493 953 nomine
514 932 646 959 mortuarii,
670 932 698 953 «le
720 932 788 953 bonis
810 931 1010 953 Parochianorum
1031 931 1094 953 dicte
1115 931 1218 953 Ecclesie

158 960 331 989 decedencium,
352 961 523 990 cujuscumque
544 963 621 983 status
639 968 679 983 seu
701 961 845 983 condicionis
864 961 981 989 exista11t3
1006 968 1104 988 necnon,
1124 961 1218 983 eosdem

158 989 315 1013 Parochianos
327 997 376 1013 esse
395 991 419 1012 in
438 991 584 1019 possessione
603 991 707 1012 habendi
723 991 782 1012 duos
799 997 876 1012 cereos
892 990 1084 1019 processionales,
1102 997 1150 1012 una
1165 997 1219 1012 cuin

158 1019 254 1042 candela
272 1020 402 1045 benedicta,
426 1020 463 1042 die
482 1021 665 1047 Purificacionis,
688 1020 825 1049 sumptibus
846 1020 904 1042 dicti
925 1021 1039 1048 Rectoris,
1063 1027 1089 1042 ac
1109 1020 1220 1042 mulieres

157 1049 316 1077 purificandas
328 1050 444 1077 candelas,
458 1050 481 1071 iu
500 1050 712 1072 Puriiicacionibus
731 1050 857 1072 earundem
876 1049 899 1071 in
918 1050 982 1072 (licta
1003 1049 1115 1077 Ecclesia,
1135 1049 1220 1071 debere

157 1079 295 1107 sumptibus
310 1080 412 1108 propriis
428 1079 547 1106 invenire3
566 1086 616 1107 nos,
634 1079 745 1101 Officialis
761 1079 903 1106 antedictus,
921 1080 1041 1108 prefatum
1053 1079 1184 1107 Rectorem,
1198 1080 1222 1101 et

158 1107 234 1136 ipsius
251 1109 430 1131 Procuratorem
447 1109 498 1137 ejus
515 1109 618 1136 nomine,
632 1109 661 1131 ad
678 1109 848 1137 possessionem
867 1109 904 1130 vel
922 1109 991 1138 quasi
1005 1109 1059 1136 jure
1075 1108 1222 1137 percipiendi

158 1138 288 1160 secundum
305 1138 390 1160 melius
410 1139 523 1165 averium,
536 1140 579 1160 etc.
601 1138 637 1167 (zet
656 1139 749 1167 sapsa),
762 1138 937 1160 sentencialiter
955 1140 979 1160 ct
994 1138 1119 1160 diffinitive
1135 1138 1159 1160 in
1175 1138 1222 1160 hiis

159 1166 258 1196 Scriptis
279 1169 464 1196 pronunciamus
485 1169 534 1189 fore
560 1168 727 1194 reducendum,
751 1169 782 1195 et,
810 1168 890 1196 ipsum
916 1168 1041 1190 Rectorem
1066 1168 1097 1189 ad
1123 1167 1222 1189 eandem

159 1197 329 1225 possessionem
347 1198 507 1225 restituentes,
521 1199 544 1219 et
561 1198 625 1226 ipsos
640 1197 797 1219 Parocbianos
815 1197 843 1219 ad
860 1198 1031 1225 possessionem
1047 1197 1150 1219 habendi
1162 1197 1222 1219 duos

159 1232 237 1249 cereos
247 1227 439 1255 processionales,
452 1234 505 1249 cum
523 1227 620 1249 candela
636 1227 766 1254 benedicta,
780 1227 917 1255 sumptibus
928 1227 987 1249 dicti
998 1227 1105 1249 Rectoris
1116 1226 1222 1249 restitui-

158 1262 211 1277 mus
223 1263 227 1283 ;
244 1256 372 1285 prefatum,
383 1264 445 1284 vero,
456 1257 578 1278 Rectorem
591 1256 621 1278 ab
633 1263 701 1278 onere
713 1256 846 1278 inveniendi
858 1256 966 1278 candelas
977 1256 1001 1278 in
1011 1256 1222 1278 Purificacionihus

159 1285 295 1313 mulierum,
308 1287 331 1308 in
343 1286 407 1308 (licta
418 1286 539 1313 parochia,
553 1286 598 1307 hiis
611 1286 710 1314 Scriptis
721 1286 940 1308 sil—›solventes—In
951 1286 1020 1314 cujus
1032 1286 1072 1313 rei,
1086 1287 1131 1309 etc.

131 1314 473 1344 Endmsed:-“Composicio
498 1316 560 1337 inter
586 1316 709 1338 Rectorem
735 1315 838 1338 Ecclesic
863 1316 1007 1338 Parochialis
1036 1315 1066 1337 (le
1092 1315 1223 1338 Churitone

158 1344 269 1374 Episcopi
280 1346 304 1368 et
315 1345 471 1368 Parochianos
482 1345 562 1368 suos.''
