1328 2295
132 191 152 226 6
332 203 405 228 THE
429 202 612 229 REGISTER.
637 202 683 229 OF
708 203 843 230 BISHOP
871 203 1092 230 STAPELDON.

228 283 255 305 et
266 280 417 311 Afianoram,
430 288 535 305 uxorem
547 280 610 312 ejus,
623 281 655 305 de
667 281 763 306 Placito
775 282 843 313 quod
852 282 919 306 idem
931 282 1070 314 Episcopus
1082 281 1214 314 permittat
1226 281 1291 312 ipsos

228 314 352 338 Thomam
370 316 397 338 et
410 314 555 338 Ahanoram
578 317 721 345 presentare
743 315 868 346 ydoneam
895 316 1031 339 Personam
1049 316 1082 339 ad
1104 314 1242 339 Ecclesiam
1260 314 1291 337 de

229 347 401 378 Snytenfelde,
414 355 464 378 que
477 349 550 370 vacat
569 349 595 370 et
611 347 643 370 ad
660 355 733 371 suam
747 350 845 378 spectat
862 348 1032 376 donacionem,
1046 351 1092 372 etc.
1127 347 1164 372 Et
1178 347 1226 378 ipsi
1242 354 1292 370 non

229 382 361 409 venerunt,
382 382 428 404 etc.
472 380 508 403 Et
529 380 634 403 fuerunt
656 382 796 411 querentes.
839 381 935 404 Idcirco
958 381 1143 405 consideratum
1166 382 1204 404 est
1225 379 1294 410 quod

229 413 357 444 predictus
380 412 519 443 Episcopus
541 415 672 443 recuperet
692 421 778 437 versus
805 413 930 444 predictos
953 413 1077 437 Thomam
1099 416 1126 437 et
1148 413 1293 437 Alianoram

230 445 444 476 presentacionem
464 453 535 468 suam
559 445 591 469 ad
612 445 752 476 predictam
775 446 930 476 Ecclesiam;
956 448 982 470 et
1005 446 1098 470 habeat
1120 446 1199 470 Breve
1222 445 1294 476 Epis-

230 486 291 509 copo
314 478 489 508 Wygorniensi
510 478 586 509 quod,
604 485 655 501 non
674 478 792 502 obstante
811 478 988 502 reclamacione
1008 479 1178 510 predictorum
1198 478 1295 502 'rhome

229 513 255 534 et
271 511 395 541 Alianore,
407 511 440 534 ad
458 510 672 541 presentacionem
692 511 800 542 predicti
817 511 934 542 Episcopi
952 512 983 535 ad
1001 512 1140 542 predictam
1158 510 1294 535 Ecclesiam

229 544 346 567 idoneam
369 544 504 567 Personam
520 543 647 567 admittat.
694 544 729 567 Et
751 543 860 567 Thomas
883 546 909 568 et
931 544 1050 568 Alianora
1071 544 1098 568 in
1118 543 1292 568 misericordia.

230 576 266 600 Et
290 584 365 607 super
393 576 440 600 hoc
462 576 590 607 predictus
618 576 757 607 Episcopus
777 576 840 600 dicit
859 577 927 607 quod
950 585 1001 600 non
1024 581 1062 600 est
1084 584 1183 601 necesse
1206 576 1238 600 ad
1257 576 1294 599 in-

231 609 385 640 quirendum
411 609 443 632 de
475 608 619 637 collusione,
649 611 704 638 etc.,
729 616 816 633 contra
841 609 948 633 formam
975 610 1073 634 Statuti
1103 617 1135 633 ne
1164 612 1231 633 terre
1257 608 1298 632 vel

230 644 376 665 tenementa
403 641 435 665 ad
459 649 564 665 manum
587 643 715 665 mortuam
741 642 882 672 deveniant,
901 644 967 672 etc.;
990 642 1049 673 quia
1074 642 1136 666 dicit
1153 642 1221 673 quod
1243 641 1296 672 ipse

230 676 302 698 tenet
319 674 518 698 Advocacionem
534 674 673 704 predictam
694 674 748 704 sibi,
772 676 798 698 et
818 675 952 698 heredibus
971 675 1022 699 suis
1043 677 1070 698 et
1092 675 1230 706 assignatis,
1251 682 1295 705 per

230 708 333 731 Cartam
360 707 494 738 cujusdam
513 707 618 730 Walteri
634 707 665 730 de
685 707 830 738 Cantilupo,
850 708 935 731 fratris
954 708 1078 731 «Iohannis
1097 708 1128 731 de
1152 707 1295 738 Cantssupo,

229 740 336 770 Mihtis;
355 747 433 771 quam
455 740 496 763 hic
513 740 616 770 profert,
635 742 661 763 et
677 740 704 763 in
722 748 772 771 qua
789 740 934 764 continetur
951 741 1019 771 quod
1036 740 1104 764 idem
1121 740 1247 763 Walterus
1265 740 1296 763 de

229 773 366 804 Cantilupo
378 772 456 802 dedit,
467 772 594 802 concessit,
605 774 632 796 et
644 773 719 796 Carta
731 773 774 796 illa
785 772 942 796 confirmavit
952 773 1095 797 Venerabili
1107 773 1176 796 Patri
1185 773 1295 796 Waltero

229 806 261 829 de
273 806 433 836 Stapeldone,
447 805 582 828 Exoniensi
595 805 725 836 Episcopo,
739 813 816 829 unam
829 806 939 836 placeam
952 808 1018 829 terre
1029 806 1055 829 in
1068 806 1232 835 Snitenfelde,
1245 812 1295 836 que

228 839 295 869 jacet
303 839 370 862 inter
386 838 544 861 Lunscombe
553 840 580 861 et
591 838 616 861 la
633 838 726 866 Hethe,
740 840 794 867 etc.,
808 840 834 862 et
850 839 1048 862 Advocacionem
1066 839 1176 862 Ecclesie
1188 838 1294 862 Paroch-

228 872 282 895 ialis
310 871 342 894 de
370 870 543 901 Snytenfeide,
574 878 632 894 eum
666 871 783 894 omnibus
812 871 980 901 pertinenciis,
1010 874 1056 895 etc.
1073 879 1078 900 ;
1108 871 1237 894 habendas
1267 872 1294 894 et

228 904 350 927 tenendas
378 903 491 934 predicto
518 903 627 926 Domino
651 903 762 927 waltero
782 904 814 927 de
844 904 1005 935 Stapeldone,
1035 904 1173 927 heredibus
1195 903 1247 927 suis
1269 905 1296 926 et

228 936 369 967 assignatis,
393 936 424 959 de
448 935 604 966 Capitalibus
631 936 747 959 Dominis
778 936 893 967 ejusdem
916 937 990 966 feodi,
1014 944 1058 967 per
1081 937 1214 960 servicium
1236 936 1295 959 inde

228 970 344 993 debitum
363 971 389 992 et
409 970 566 997 consuetum,
587 968 671 994 libere.
693 969 786 999 quiete,
805 969 876 998 bene,
893 971 919 992 et
938 969 963 992 in
982 977 1048 1000 pace,
1069 969 1126 1000 jure
1144 968 1295 993 hereditario

227 1002 414 1033 inperpetuum.
451 1001 485 1024 Et
505 1001 633 1032 predictus
652 1001 779 1025 Walterus
802 1002 834 1025 de
856 1002 991 1031 Cantilupo
1013 1004 1039 1025 et
1059 1002 1162 1025 heredes
1181 1002 1228 1029 sui,
1248 1004 1294 1025 ete.

228 1038 310 1058 totam
338 1034 477 1065 predictam
505 1034 616 1064 placeam
641 1036 707 1057 terre
731 1036 757 1057 ct
777 1034 917 1065 predictam
939 1034 1139 1058 Advocacionem
1162 1042 1219 1058 cum
1243 1034 1295 1057 suis

229 1067 396 1099 pertinenciis,
411 1066 522 1097 predicto
538 1066 649 1090 Waltero
667 1067 698 1090 de
717 1067 876 1097 Stapeldone,
889 1067 1024 1091 heredibus
1042 1067 1094 1091 suis
1113 1070 1139 1091 et
1156 1067 1295 1097 assignatis,

229 1103 316 1124 contra
328 1107 414 1123 omnes
430 1101 518 1130 gentes
536 1101 657 1122 tenentur
672 1099 854 1129 warrantizare,
867 1100 1015 1130 acquietare,
1029 1102 1055 1124 et
1067 1100 1199 1123 defendere
1211 1100 1294 1130 inper-

228 1136 344 1164 petuum.
382 1131 462 1163 Cujus
474 1132 571 1155 Datum
584 1134 623 1155 est
634 1132 702 1162 apud
719 1132 888 1163 Wygorniam,
902 1133 941 1156 die
959 1132 1047 1156 Martis
1063 1133 1090 1156 in
1105 1133 1213 1156 crastino
1225 1132 1295 1156 Festi

229 1166 316 1191 Sancti
327 1164 461 1194 Ambrosii,
474 1165 548 1188 Anno
564 1165 645 1195 Regni
662 1164 736 1195 Regis
753 1172 821 1188 nunc
835 1165 1004 1189 sextodecimo
1020 1166 1044 1195 [5
1057 1164 1216 1196 April].-—Et
1233 1165 1295 1188 dicit

228 1199 297 1230 quod
316 1198 445 1229 predictus
463 1197 590 1221 XValterus
607 1197 638 1220 de
657 1197 791 1228 Cantflupo
807 1198 876 1221 venit
892 1205 975 1221 coram
997 1198 1148 1222 Justiciariis
1163 1198 1194 1221 de
1212 1198 1295 1221 Banco

228 1232 297 1262 apud
315 1231 464 1260 Eboracum,
478 1230 518 1253 die
531 1230 634 1253 Veneris
653 1230 766 1260 proxima
786 1232 846 1261 post
861 1233 912 1254 tres
932 1231 1089 1261 Septimanas
1103 1231 1204 1260 Pasche,
1220 1230 1295 1253 Anno

228 1264 309 1295 Regni
320 1263 395 1294 Regis
410 1271 478 1286 nunc
490 1262 555 1293 xvj0‚
567 1265 593 1286 et
611 1263 729 1293 cognovit
747 1263 888 1293 predictam
906 1263 1008 1287 Cartam
1024 1271 1076 1287 esse
1091 1263 1189 1287 factum
1200 1271 1275 1286 suuni
1288 1271 1294 1292 ;

228 1299 254 1320 et
262 1297 298 1320 ibi
314 1296 412 1327 plenius
424 1295 581 1320 irrotulatur.
595 1297 626 1318 ut
638 1294 731 1326 [patet]
744 1296 839 1319 Rotulo
855 1295 940 1319 Primo
956 1296 987 1320 de
997 1296 1078 1320 Cartis
1093 1298 1119 1319 et
1136 1296 1295 1319 Processibus

227 1330 343 1361 ejusdem
354 1328 472 1352 Termini.
509 1328 544 1351 Et
561 1336 636 1358 super
648 1328 695 1351 hoc
713 1328 827 1359 inspecto
842 1329 934 1352 Rotulo
949 1329 1069 1359 predicto,
1081 1329 1128 1352 hoc
1145 1329 1212 1352 idem
1229 1336 1294 1352 com-

227 1365 329 1393 pertum
341 1364 386 1385 est.
422 1361 473 1390 Set,
486 1360 545 1391 quia
561 1361 628 1383 idem
648 1361 788 1391 Episcopus
806 1361 942 1384 arrainavit
953 1362 1080 1392 quandam
1093 1361 1195 1385 assisam
1206 1361 1296 1384 ultime

228 1394 426 1419 Presentacionis
445 1401 531 1416 versus
555 1393 681 1423 predictos
704 1393 830 1417 Thomam
854 1396 880 1417 et
903 1394 1048 1418 Alianoram
1071 1394 1102 1417 de
1125 1394 1297 1417 Advocacione

229 1427 339 1451 Ecclesie
351 1426 469 1457 predicte,
482 1428 512 1449 ut
525 1426 594 1456 patet
613 1426 707 1449 Rotulo
728 1426 802 1449 istius
821 1426 933 1450 Termini
953 1427 1030 1455 ccxix,
1045 1427 1136 1450 idcirco
1148 1427 1298 1457 procedatur

229 1461 313 1485 Assisa
334 1460 377 1483 illa
393 1459 459 1482 inter
481 1467 538 1487 eos;
559 1460 586 1482 et
605 1458 665 1482 inde
683 1458 777 1482 habent
794 1459 861 1482 diem
881 1459 907 1482 in
930 1459 1030 1483 Octabis
1049 1460 1140 1484 Sancte
1160 1459 1297 1483 Trinitatis.

231 1493 327 1517 Idcirco
340 1492 398 1516 inde
412 1494 492 1515 cesset
509 1491 625 1514 execueio
643 1491 674 1514 de
694 1492 772 1516 Breve
792 1491 908 1516 habendo
926 1492 1055 1523 Episcopo,
1068 1500 1206 1523 quousque,
1219 1494 1300 1516 etc.—

230 1525 326 1550 Pascha
337 1525 406 1555 xviij.
420 1525 477 1548 Rot.
492 1524 631 1555 ccvj,--fol.
648 1525 670 1548 2.

694 1590 736 1614 IV.

137 1624 287 1656 Concorm'nq
305 1623 342 1648 the
357 1631 462 1653 sanzo,—

201 1658 274 1689 [A.D.
288 1656 492 1687 1325].—Co7·c1m
515 1655 549 1680 W.
568 1655 597 1679 cie
614 1655 722 1686 Rem-ford
739 1659 760 1679 et
775 1655 851 1680 Sociis
868 1656 926 1686 suis,
946 1655 1099 1681 Jusciciavvz'is
1116 1656 1145 1681 cle
1162 1656 1254 1686 Banco,
1268 1656 1297 1680 dc

235 1690 348 1715 Termino
362 1689 501 1718 Trinitatis,
512 1689 583 1712 Anno
597 1688 675 1719 Requi
692 1688 764 1720 Reqis
781 1689 907 1720 Edwardss
914 1689 967 1720 filii
983 1690 1056 1721 Regis
1067 1689 1193 1719 Edwardi,
1209 1690 1298 1714 decimo

233 1727 319 1748 octavo.

203 1757 288 1781 Assisa
298 1755 369 1779 venit
380 1754 558 1785 recognicionis
576 1754 632 1785 quis
649 1754 785 1778 advocatus
802 1757 915 1786 tempore
932 1755 999 1786 pacis
1016 1755 1170 1786 presentavit
1181 1755 1298 1779 ultimam

236 1790 379 1817 Personam,
392 1795 441 1818 que
453 1789 553 1810 mortua
565 1790 610 1816 est,
623 1787 654 1810 nd
671 1787 806 1811 Ecclesiam
823 1788 854 1811 de
868 1788 1032 1816 Snitenfelde,
1046 1796 1095 1819 que
1112 1790 1191 1817 vacat,
1204 1790 1259 1817 etc.,
1272 1790 1298 1811 et

237 1821 310 1853 cujus
343 1820 542 1844 Advocacionem
574 1820 699 1843 Walterus
727 1820 758 1843 de
787 1820 946 1851 Stapeldone‚
975 1821 1113 1852 Episcopus
1141 1820 1297 1850 Exoniensis,

235 1853 352 1879 clamavit
363 1861 449 1877 versus
462 1852 585 1876 Thomam
596 1852 668 1876 West
679 1855 705 1876 et
716 1853 858 1876 Alianoram
875 1861 979 1877 uxorem
991 1853 1053 1884 ejus.
1088 1853 1124 1876 Et
1137 1853 1212 1877 modo
1228 1853 1298 1877 venit

234 1887 362 1919 predictus
371 1886 515 1915 Episcopus.
534 1885 569 1908 Et
578 1885 684 1915 predicti
693 1885 801 1909 Thomas
810 1888 837 1909 et
843 1886 961 1909 Alianora
970 1893 1020 1909 non
1032 1888 1164 1909 venerunt.
1184 1886 1219 1910 Et
1226 1893 1294 1909 sum-

236 1919 382 1949 moniti‚etc.
389 1918 415 1941 in
422 1918 489 1941 diem
498 1920 734 1941 resummoneantur
741 1918 809 1949 quod
817 1918 868 1942 sint
876 1918 917 1942 hic
924 1918 950 1942 in
956 1918 1056 1943 Octabis
1062 1918 1295 1948 SancteTrinitatis,

236 1955 292 1982 etc.,
315 1950 428 1975 audituri
444 1950 640 1981 recognicionem
665 1950 740 1974 assise
763 1951 881 1981 predicte,
909 1953 954 1975 etc.
1001 1951 1037 1975 Et
1064 1951 1207 1975 Vicecomes
1235 1953 1297 1974 tunc

236 1985 328 2009 habeat
340 1991 441 2014 corpora
453 1981 671 2013 recognicionum,1
680 1984 859 2013 etc—Postea,
871 1984 904 2007 ad
915 1983 983 2007 diem
994 1983 1067 2007 illum
1079 1983 1149 2008 venit
1168 1984 1297 2015 predictus

236 2017 364 2043 Walterus
375 2025 381 2047 3
399 2018 425 2040 et
436 2015 542 2047 predicti
553 2015 662 2039 Thomas
674 2018 700 2039 et
711 2016 828 2040 Alianora
839 2016 1021 2047 resummoniti,
1034 2019 1088 2047 etc„
1101 2024 1152 2040 non
1163 2018 1296 2040 venerunt.

142 2125 151 2133 ¹
168 2117 268 2149 “Apud
279 2115 564 2147 Anglos,rec09niciones
575 2113 696 2138 dicuntur
778 2114 869 2138 veritas
898 2114 980 2138 assisis
1003 2115 1171 2139 demandatur
1186 2123 1192 2144 ;
1215 2115 1297 2146 vulgo,

173 2151 220 2175 viri
232 2148 422 2174 sacramentales
439 2155 483 2171 seu
497 2147 628 2177 juratores,
641 2147 695 2177 qui·
779 2147 864 2178 eciam,
876 2151 996 2177 yuralorcs
1008 2146 1093 2171 dicti''
1112 2147 1250 2178 (D'Arnis).

172 2184 219 2208 bus
232 2181 428 2213 recognoscenda
439 2183 464 2203 ct
480 2179 641 2210 disquirenda
660 2180 695 2203 rei
