1328 2295
458 144 641 172 GENERAL
667 145 803 170 INDEX.
1138 136 1210 171 333

144 229 223 252 quam,
236 222 339 252 quidem,
353 222 452 244 domum
470 221 549 244 dictus
560 221 678 248 VicariuS,
691 222 715 243 et
734 221 772 243 sui
789 227 934 243 successores
945 222 973 243 ut
989 221 1147 250 premittitur,
1160 221 1209 244 suis

143 252 246 281 propriis
261 251 399 280 sumptibus
416 251 594 278 sustentabunt,
608 252 631 273 et
643 251 733 279 erigent
750 251 778 272 de
796 257 864 278 novo,
878 250 989 272 similiter
999 251 1049 272 suis
1061 251 1207 279 sumptibus,

145 284 273 310 postquam
290 282 322 303 sit
340 281 456 310 depressa,
477 280 507 302 ad
524 287 594 302 usum
612 280 730 302 dictorum
750 280 837 302 Decani
857 282 880 302 et
892 280 1005 308 Capituli,
1019 287 1074 302 cum
1086 280 1156 302 blada
1167 287 1210 302 sua

144 311 220 339 ipsius
232 311 341 339 Eeclesie,
354 311 374 332 si
385 312 409 332 et
419 311 492 339 prout
503 310 536 331 eis
548 310 671 338 placuerit,
683 310 750 331 unire
762 311 785 331 et
796 309 930 338 recolligere
943 309 1060 331 voluerint
1076 310 1100 331 in
1111 310 1206 332 eisdem.

145 341 257 369 Alioquin
270 341 350 362 onmia.
360 340 506 367 aisyamenta
518 341 567 361 tam
578 339 606 361 de
618 339 669 367 ipsa
680 339 750 360 domo
762 346 833 367 quam
845 339 873 360 de
885 339 1009 368 curtilagio
1020 339 1141 367 predictis,
1154 346 1208 361 cum

145 370 216 392 iidem
228 370 337 392 Decanus
354 371 378 391 et
389 369 527 398 Capitulum
545 375 591 390 non
609 368 755 397 indiguerint
776 370 803 390 ut
820 369 976 396 premittitur,
989 370 1125 391 remaneant
1136 375 1208 397 penes

145 400 252 422 Vicarios
273 399 411 421 antedictos.
446 398 564 425 Habeant,
577 398 659 425 eciam,
672 399 696 420 et
712 398 844 426 percipiant
864 398 951 426 prefati
963 398 1071 420 Vicarius
1083 400 1107 420 et
1117 405 1207 420 succes-

146 435 209 451 sores
230 429 267 451 sui
289 428 384 456 ibidem,
408 435 488 450 omnes
509 427 611 449 decimas
633 427 742 454 minores,
764 427 903 454 oblaciones,
924 429 948 449 et
968 427 1027 449 alias
1046 434 1208 456 quascumque

146 458 301 480 obvenciones
317 458 395 480 tocius
411 457 516 486 predicte
528 457 640 479 Parochie
657 457 687 478 ad
698 457 831 485 altilagium
848 457 924 485 ipsius
936 457 1038 479 Ecclesie
1053 457 1206 485 pertinentes,

146 488 171 510 in
182 488 277 516 quibus,
290 488 371 515 eciam,
384 487 498 509 decimam
512 487 566 514 feni,
580 488 604 508 et
613 487 749 513 mortuaria,
763 486 813 514 lini,
827 486 917 514 canabi,
931 486 1070 514 vitulorum,
1083 493 1206 515 agnorum,

145 517 306 546 pullanorum,
329 517 499 545 cujuscumque
517 516 590 538 eciam
607 516 672 537 bladi
690 516 714 537 in
732 516 790 537 ortis
808 522 870 537 nunc
888 516 1045 538 existentibus
1057 522 1111 538 cum
1127 516 1209 544 vangis

145 546 254 574 excultis,
271 546 382 568 volumus
399 546 460 567 inter
478 547 554 567 cetera
574 545 748 574 comprehendi.
782 545 908 573 Volumus,
929 545 1010 573 eciam,
1030 547 1053 567 et
1073 545 1209 568 ordinamus

146 576 211 605 quod
226 576 349 604 predictus
360 575 477 603 Viearius,
491 576 515 596 et
531 575 568 596 sui
584 581 728 597 successores
740 575 838 602 Vicarii,
852 575 984 603 percipiant
1000 575 1100 603 singulis
1117 575 1184 597 annis
1196 582 1210 597 a

146 605 258 634 predictis
277 605 370 627 Decano
389 607 412 627 et
430 604 542 633 Capitulo
563 604 721 633 quadraginta
741 604 829 625 solidos
850 604 1025 632 sterlingorum,
1044 605 1068 626 in
1089 604 1210 627 Scaccario

147 636 253 664 ipsorum
271 635 405 662 Exoniensi,
424 634 461 656 vel
478 641 519 662 per
534 640 618 655 manus
637 634 733 655 firmarii
746 633 842 661 ibidem,
855 633 885 655 ad
896 636 1000 662 quatuor
1016 634 1071 655 anni
1087 634 1208 662 terminos,

147 664 257 686 videlicet
267 664 347 686 Sancti
360 663 490 691 Michaelis,
502 663 595 685 Natalis
605 663 708 690 Domini,
720 663 815 690 Pasche,
827 665 850 684 et
861 663 883 684 N
886 663 1002 685 ativitatis
1013 663 1081 685 Beati
1092 664 1107 685 J
1111 663 1210 686 ohannis

147 694 263 722 Baptiste,
276 700 320 722 pro
338 693 463 722 equalibus
480 693 639 721 porcionibus,
660 693 737 721 primo
755 692 882 714 solucionis
900 692 1039 721 hujusmodi
1057 693 1167 715 Termino
1186 693 1210 715 in

148 724 247 745 instanti
259 723 328 745 Festo
342 723 407 744 Beati
421 722 543 744 Michaelis
554 722 663 750 proximo
675 722 807 749 inchoante,
821 723 845 743 et
864 722 897 743 sic
908 722 1018 750 deinceps
1030 723 1129 751 singulis
1142 723 1209 745 annis

148 755 171 775 ct
190 753 296 775 terminis
311 752 428 774 secuturis
439 759 444 777 ;
462 752 587 780 dictusque
598 752 715 779 VicariuS,
729 752 752 773 et
763 751 800 773 sui
816 758 961 773 successores
972 752 1081 780 predicti,
1094 752 1209 774 ministris

148 789 190 804 seu
201 782 296 804 famulis
308 782 426 804 dictorum
438 781 526 803 Decani
537 783 560 803 et
572 781 685 809 Capituli.
699 788 752 802 eum
764 788 807 809 pro
819 781 928 803 uniendis
939 788 981 803 seu
992 781 1121 804 vendendis
1133 782 1209 804 bladis

149 812 211 834 dicte
219 811 328 839 Ecclesie,
338 818 384 840 que
393 811 479 838 onmia,
488 811 630 832 auctoritate
641 811 756 839 presentis
764 810 937 838 ordinacionis,
945 811 975 832 ad
987 811 1080 833 eosdem
1088 811 1211 833 Decanum

150 843 174 863 et
186 841 324 870 Capitulum
333 841 443 862 volumus
455 847 581 867 remanere,
596 840 729 868 hospicium
742 842 877 868 competens
889 840 1010 862 inveniant
1021 848 1025 868 3
1038 841 1119 863 fenum
1127 841 1208 869 eciam,

148 871 249 898 literam,
263 871 286 892 et
297 870 401 898 buscam,
414 877 457 898 pro
469 876 533 891 mora
545 876 589 891 sua
600 869 789 891 subministrent.
823 869 854 891 Et
865 869 958 891 solvant
968 869 1136 892 nichilominus
1148 871 1211 892 idem

149 901 258 922 Vicarius
269 901 293 922 et
303 900 339 921 sui
352 906 496 921 successores
508 899 605 927 prefatis
618 899 710 920 Dccano
727 900 750 920 et
762 899 882 927 Capitulo,
895 899 995 927 singulis
1011 899 1086 928 annis,
1099 900 1124 921 in
1136 900 1213 922 Festis

150 930 229 952 Sancti
242 929 364 951 Michaelis
380 931 404 951 et
416 929 511 954 Pasche,
525 929 592 956 equis
608 928 768 957 porcionibus,
782 929 876 950 nomine
892 929 965 950 annui
976 929 1084 951 redditus
1095 936 1138 957 pro
1149 930 1213 952 dict-a

150 966 203 981 aera
210 961 278 986 terre,
285 966 338 987 que,
346 960 374 981 nt
380 959 534 987 premittitur,
543 958 617 980 &leba
622 958 684 980 dicte
691 958 792 979 Ecclesie
799 959 943 985 nominatur,
950 958 1010 980 duos
1018 959 1105 981 solidos
1113 960 1212 988 argeum

150 991 174 1011 et
185 988 214 1011 ad
223 989 255 1016 id,
264 988 284 1010 si
296 989 410 1016 oporteat,
421 988 584 1016 compellatur.
620 987 769 1014 Ordinamus,
780 988 883 1016 insuper,
894 988 959 1016 quod
973 988 1052 1010 dictus
1061 989 1178 1017 Vicarius,
1189 991 1213 1011 et

150 1019 187 1040 sui
203 1024 348 1040 successores
365 1018 454 1039 Vicarii
470 1017 567 1044 ibidem,
581 1017 660 1038 omnia
672 1024 742 1038 onera
753 1017 877 1038 Ordinaria
891 1018 953 1039 dicte
965 1017 1067 1039 Ecclesic
1078 1018 1179 1041 subeant
1191 1020 1215 1041 et

151 1049 294 1076 agnoscant:
319 1047 430 1075 quodque
448 1046 584 1068 Cancellum
602 1046 664 1068 divte
687 1046 796 1073 Ecclesie,
822 1047 911 1073 Libros,
934 1048 958 1069 et
979 1049 1056 1069 cetera
1072 1047 1216 1070 Ornamenta

150 1077 227 1106 ipsius
243 1077 272 1098 ad
284 1077 416 1098 Hectoriam
433 1076 585 1105 pertinencia,
599 1082 688 1097 necnon
701 1076 787 1097 vitrum
805 1076 960 1098 fenestrarum
972 1077 1030 1099 dicti
1041 1077 1152 1106 Cancelli,
1165 1079 1215 1100 suis

150 1106 287 1135 sumptibus
298 1107 438 1128 sustineant.
473 1105 673 1132 Extraordinaria,
686 1112 748 1130 vero,
762 1112 911 1134 quocumque
922 1107 1016 1128 nomine
1028 1109 1175 1135 censeantur,
1186 1108 1217 1130 ad

152 1137 272 1158 Decauum
289 1137 313 1158 et
330 1135 468 1164 Capitulum
490 1136 624 1164 pertineant
643 1135 789 1161 antedictos;
816 1135 881 1157 salva
902 1135 970 1157 nobis
993 1137 1017 1158 et
1036 1136 1215 1159 Successoribus

152 1166 238 1188 nostris
266 1166 384 1193 potestate
404 1165 465 1187 hanc
486 1166 590 1186 nostram
613 1164 792 1186 Ordinacionem
814 1166 837 1186 et
860 1165 1015 1187 Taxacionem
1037 1167 1214 1195 augmentandi,

153 1195 284 1222 minuendi,
297 1196 321 1216 et
337 1195 361 1216 in
379 1196 456 1217 totum
473 1194 624 1221 immutandi,
638 1194 665 1222 si,
679 1195 702 1216 et
719 1195 798 1222 prout,
812 1196 835 1216 et
846 1195 949 1222 quando,
962 1195 1030 1217 nobis
1042 1196 1078 1217 vel
1094 1196 1128 1218 eis
1139 1197 1216 1218 visum

151 1223 224 1247 fuerit
243 1224 422 1252 expedire-In
444 1224 512 1252 cujus
534 1224 575 1250 rei,
596 1225 655 1245 ctc.-
666 1224 772 1251 -Datum,
796 1224 859 1252 apud
881 1224 949 1252 Clist,
973 1224 1047 1253 xxviij
1069 1225 1107 1247 die
1128 1227 1215 1248 mensis

152 1254 306 1283 Septembris,
319 1255 387 1276 Anno
399 1254 495 1275 Domini
507 1253 635 1275 Millesimo
647 1253 740 1275 CCU¹¹⁰
752 1253 842 1275 decimo
854 1260 930 1282 nono3
949 1254 1012 1276 143b.

64 1294 109 1326 St.
126 1293 265 1334 Hilary;
291 1291 476 1323 ordinacio
498 1290 631 1323 Vicarie
647 1291 768 1322 Sancti
784 1291 937 1322 Halai-ii
948 1304 997 1323 :—

124 1336 254 1363 Universis,
267 1336 321 1362 etc.,
335 1334 462 1362 Walterus,
475 1334 674 1356 eta—Noverms
685 1334 749 1362 quod
763 1341 838 1362 nuper
849 1334 1075 1358 Archidiaconatum
1088 1336 1214 1366 Cornubie,

153 1367 232 1388 nostre
250 1364 368 1393 Dyocesis,
382 1371 409 1386 ex
422 1364 497 1386 Officii
516 1364 590 1385 nostri
608 1363 689 1385 debito
706 1364 838 1390 visitantes,
852 1364 913 1386 inter
925 1364 1028 1387 Priorem
1047 1367 1071 1388 et
1088 1366 1216 1390 Monachos

154 1395 243 1417 Montis
261 1394 342 1416 Sancti
359 1393 482 1416 Michaelis
500 1393 523 1415 in
542 1393 669 1420 Conmbia,
687 1393 728 1421 qui
746 1393 874 1415 Ecclesiam
891 1393 970 1415 Sancti
988 1394 1091 1423 Hillarii,
1110 1396 1216 1424 ejusdem

153 1424 374 1451 Arehidiaconatus,
384 1423 493 1451 optinent
504 1423 528 1444 in
539 1423 647 1451 proprios
660 1430 723 1450 usus,
734 1429 762 1444 ex
774 1425 841 1451 parte
853 1430 906 1450 una,
917 1425 940 1445 et
950 1424 1090 1452 Magistrum
1100 1425 1217 1449 Mathiani

153 1455 182 1476 de
199 1453 354 1481 Skewyheke,
374 1453 496 1474 Vicarium
514 1452 620 1480 ejusdem
644 1452 745 1473 Ecclesie
764 1452 844 1474 Sancti
863 1453 965 1481 Hillarii,
990 1460 1018 1475 ex
1040 1454 1121 1483 altera,
1144 1463 1216 1485 super

153 1483 305 1512 porcionibus
326 1482 431 1511 ejusdem
452 1482 545 1504 Vicarie
571 1482 688 1503 discordie
711 1482 833 1503 matciiam
859 1482 992 1504 invenimus
1013 1490 1062 1506 esse
1083 1485 1215 1509 subortam.

155 1513 268 1540 Tandem,
282 1512 388 1534 exhibita
409 1518 487 1533 coram
507 1511 575 1533 nobis
597 1518 638 1539 per
659 1511 752 1532 easdem
775 1511 855 1533 Partes
877 1511 1031 1535 Ordinacione
1052 1514 1076 1536 et
1087 1514 1219 1538 Taxacione

153 1542 292 1571 porcionum
310 1541 415 1570 predicte
426 1541 526 1568 Vicarie,
539 1540 585 1562 sub
595 1541 639 1562 hac
650 1541 725 1562 forma
736 1541 903 1569 :—Universis,
913 1543 967 1569 etc„
978 1542 1098 1565 Walterus
1110 1544 1219 1573 [Brones-

155 1571 253 1600 combe],
273 1571 389 1593 etc-Ad
411 1570 580 1592 Universitatis
602 1572 677 1592 vestre
699 1570 811 1592 noticiam
832 1572 913 1592 tenore
935 1571 1086 1595 Presencium
1107 1574 1217 1597 volumus

155 1602 275 1630 pervenire
292 1600 357 1629 quod
381 1607 435 1622 cum
453 1600 547 1621 Vicaria
566 1600 667 1621 Ecclesie
689 1599 768 1621 Sancti
791 1600 894 1628 llillarii,
914 1601 986 1628 juxta
1008 1601 1115 1624 Montem
1136 1604 1218 1627 Sancti

156 1631 287 1658 Michaelis,
300 1632 368 1652 tanto
383 1631 489 1657 tempore
501 1629 619 1651 vacaverit
631 1629 694 1657 quod
706 1629 781 1657 ipsius
793 1629 897 1651 Collacio
908 1630 938 1652 ad
949 1637 991 1652 nos
1002 1632 1084 1654 extitit
1095 1633 1215 1662 devoluta,

156 1660 283 1682 secundum
301 1660 398 1682 Statuta
417 1659 515 1681 Concilii
533 1659 682 1680 Latronensis
701 1658 760 1687 (sic),
773 1666 815 1680 nos
832 1659 951 1681 Vicariam
970 1660 1047 1688 ipsam
1065 1661 1152 1684 dilecto
1169 1664 1218 1686 filio

155 1690 262 1712 Johanni
278 1689 342 1711 dicto
354 1689 519 1717 Lerceresque,
534 1688 618 1710 Divine
635 1688 740 1710 caritatis
757 1689 854 1716 intuitu,
869 1689 1011 1712 conferimus
1027 1692 1051 1713 et
1067 1692 1217 1716 concedimus

156 1719 266 1741 canonice
283 1718 466 1747 possidendam;
491 1718 627 1740 ordinantes
644 1717 709 1746 quod
726 1717 829 1739 decimas
847 1719 895 1740 feni
916 1720 940 1741 et
961 1726 1041 1742 omnes
1063 1721 1218 1745 obvenciones

157 1748 384 1776 Altaris,—-‹lecimis
395 1748 495 1776 piscium
513 1754 542 1769 ex
558 1747 652 1769 batellis
666 1747 863 1769 l'arochianorum
874 1749 1076 1778 provenientibus,
1090 1752 1113 1773 et
1129 1754 1219 1775 mortn-

157 1779 211 1800 ariis
230 1785 258 1800 ex
275 1778 372 1799 decessu
388 1777 518 1799 incolarum
536 1777 564 1798 de
577 1776 712 1798 Markesiou
724 1776 884 1805 [Morka-jem
900 1784 926 1799 or
941 1778 1088 1809 illarazion}
1102 1780 1130 1802 de
1146 1789 1219 1810 parvo

157 1809 260 1830 mercato
281 1808 433 1829 Trewarnene
461 1808 485 1828 et
503 1806 641 1828 Brevannek
669 1807 873 1835 provenientibus,
892 1807 990 1830 decimis
1016 1815 1045 1830 ex
1066 1811 1218 1834 nutrimentis

158 1837 296 1859 animalium
318 1837 405 1858 Prioris
423 1836 452 1857 de
476 1836 555 1857 Monte
579 1835 658 1857 Sancti
679 1836 809 1863 Michaelis,
830 1838 854 1858 ct
875 1837 971 1859 decimis
989 1837 1017 1860 de
1037 1839 1118 1861 Insula
1137 1841 1218 1865 Sancti

160 1866 282 1889 Michaelis
299 1866 407 1893 exituris,
426 1865 551 1887 dumtaxat
573 1866 781 1893 exce11tis,—i‹ie111
800 1866 915 1893 Vicarins,
938 1867 1033 1889 nomine
1052 1868 1145 1892 Vicarie
1166 1878 1208 1894 sue

159 1897 247 1924 integre
264 1895 379 1924 percipiat
396 1895 526 1921 annuatim,
540 1896 563 1916 et
582 1895 660 1916 omnia
678 1902 747 1917 onera
765 1895 838 1923 ipsius
851 1896 952 1917 Ecclesie
971 1896 1052 1919 debita
1068 1900 1092 1920 et
1108 1889 1221 1924 consueta

158 1926 266 1948 totaliter
282 1926 400 1953 agnoscat,
413 1924 604 1946 extraordinariis
621 1931 663 1952 pro
681 1927 732 1946 rata
749 1925 975 1953 perci1‘1iendis.-In
991 1927 1059 1955 cujus
1070 1929 1104 1950 rei
1114 1930 1220 1953 testiino-

158 1956 223 1977 nium
250 1954 400 1983 presentibus
422 1954 507 1975 Literis
528 1953 633 1982 sigillum
655 1956 761 1976 nostrum
784 1955 871 1982 apponi
898 1955 1127 1980 fecimus—Datum
1153 1961 1219 1988 apud

161 1985 275 2011 Poutone,
289 1984 326 2005 <lie
344 1983 423 2005 Sancti
442 1983 611 2010 Bartholomei,
625 1984 735 2012 Apostoli
747 1984 784 2012 (224
796 1985 878 2012 Aug),
892 1985 961 2006 Anno
978 1985 1075 2008 Domini
1092 1988 1219 2012 Millesimo

161 2015 233 2036 CCmfl
244 2013 298 2041 lxj0,
311 2014 335 2035 et
347 2013 536 2035 Consecracionis
555 2015 633 2034 nostre
644 2013 820 2041 qiiai·t0,*Nos
836 2013 956 2042 predictus
968 2014 1087 2038 walterus
1099 2017 1221 2042 Secundus

160 2043 298 2072 predictam,
328 2042 500 2064 ardinacioneni
523 2043 547 2064 et
574 2042 736 2070 Taxacionem,
766 2043 794 2064 de
821 2050 931 2071 expresso
957 2051 1072 2067 consensu
1093 2048 1221 2071 earundem

162 2073 270 2095 Parcium
295 2071 454 2100 approbamus
480 2073 503 2093 et
530 2071 682 2099 ratificamus,
711 2079 765 2094 cum
789 2072 990 2095 decimacionibus
1007 2076 1030 2096 et
1046 2075 1222 2103 adjeccionibus

161 2102 331 2130 infrascriptis3
354 2101 471 2129 videlicet,
480 2101 545 2129 quod
555 2102 653 2129 propter
664 2102 769 2130 pericula
780 2102 858 2124 fluxus
869 2103 940 2124 maris
952 2103 1014 2125 inter
1025 2103 1132 2127 Monteiu
1141 2106 1222 2131 Sancti

162 2130 284 2155 Michaelis
295 2132 319 2153 et
330 2130 476 2159 Markasiou‚
488 2131 512 2153 et
522 2137 552 2153 ex
562 2130 639 2153 causis
650 2131 710 2159 aliis,
723 2138 821 2160 corpora
831 2131 996 2155 deccdcncium
1008 2133 1073 2162 apud
1084 2134 1222 2161 Markasiou
