1328 2295
430 157 612 185 GENERAL
638 158 776 187 INDEX.
1116 150 1188 185 369

127 234 222 263 xxxijli.
245 235 276 258 Et
286 235 378 258 decima
387 235 451 259 valet
462 236 487 258 xl
497 242 602 265 marcas;
615 236 777 259 molendinum
789 242 908 259 vmarcas.
927 235 1079 265 Berbiagium
1090 235 1191 265 singulis

127 263 224 286 alternis
236 265 310 293 annis,
326 266 364 294 xvj
377 272 431 288 oves
443 266 551 288 matrices
568 266 618 288 sine
637 266 702 294 agnis
714 268 738 288 et
748 266 789 295 viij
801 266 914 295 hogastri,
927 267 951 288 et
961 266 1058 288 alternis
1069 265 1137 287 annis
1148 265 1189 293 viij

128 299 182 315 oves
203 296 227 316 et
248 295 287 323 xvj
309 295 435 324 hogastri.¹
467 295 577 317 Valorem
598 295 711 318 dominici
731 297 755 318 et
775 295 875 318 aliorum
896 295 927 317 ad
944 295 1036 317 dictum
1054 294 1189 317 Manerium

126 324 286 351 spectancium
305 325 429 347 extendere
446 325 562 347 nesciunt.
595 325 698 347 Servicia
716 325 823 354 ipsorum
840 326 863 347 et
882 324 1064 347 consuetudines
1080 325 1105 346 in
1122 323 1190 346 nullo

126 353 258 386 mutantur.
292 354 323 376 Et
340 354 439 376 credunt
457 354 522 382 quod
534 354 663 376 Firmarius
680 354 773 382 habuit,
787 354 816 376 de
827 354 895 376 bonis
906 354 1076 382 predecessoris
1088 353 1132 381 sui,
1145 359 1189 382 pro

126 380 257 405 defectibus
269 383 293 405 in
304 384 410 412 predicto
422 383 528 405 Manerio
544 383 654 412 inventis,
668 383 692 405 xl
709 390 806 411 marcas,
819 390 879 412 quas
896 383 919 405 in
939 383 1116 406 construccione
1131 388 1192 404 nove

127 417 216 445 camere
227 419 256 434 ex
266 414 333 441 parte
344 413 451 435 Australi
462 413 531 441 Aule,
545 414 569 435 et
584 413 733 441 repa-racione
752 413 849 435 alterius
860 419 950 435 camere
968 419 997 435 ex
1011 414 1080 441 parte
1091 411 1188 439 Boriafi,

128 441 152 462 et
163 440 262 463 aliarum
273 442 374 464 duarum
385 442 511 464 domorum
521 449 563 470 per
578 442 658 470 ipsum
674 443 871 470 constructarum,
884 442 991 464 totaliter
1006 441 1127 471 expendit,
1140 441 1164 463 et
1176 447 1192 463 x

127 476 217 492 marcas
228 471 298 494 ultra.
332 472 362 494 Et
378 471 546 493 nichilominus
562 471 674 494 estimant
690 471 810 494 defectum
826 472 921 500 grangie
938 471 1038 500 siliginis
1048 471 1083 500 iiij
1095 470 1189 498 marcis,

128 499 268 532 columbarii
284 501 338 529 xls.‚
356 502 380 523 et
399 501 493 523 boverie
511 500 540 522 (le
557 501 697 529 Bougcleve,
720 501 775 529 xls„
797 501 928 523 secundum
949 500 1014 529 quod
1035 500 1061 522 in
1080 499 1190 528 proxima

127 528 273 552 Visltacione
284 530 610 557 estimabantur.—Arclrives
621 530 650 559 os
662 530 700 553 the
711 531 742 555 D.
755 530 807 553 αηιί
819 530 854 558 0.,
867 530 914 553 No.
927 529 994 558 3673,
1004 536 1066 559 page
1076 529 1113 552 36.

98 565 164 589 11.—
170 566 283 590 I'c'sz'tacz'o
303 568 331 590 cle
352 568 476 597 Sidebzcry,
498 568 561 590 facta
582 568 625 590 Die
647 568 772 591 Dominica
789 568 899 597 proxima
917 570 972 597 post
990 568 1090 591 Festum
1111 566 1192 590 Sancti

126 596 257 625 Augustini
268 597 306 626 [23
319 597 391 627 May],
405 598 466 621 A.D.
482 598 520 620 Mo
531 598 623 620 CCCmO
634 598 776 627 septimo,—

98 632 183 656 Deficit
194 641 286 663 pannus
297 635 374 657 lineus
385 635 415 657 ad
426 635 610 663 cooperiendum
622 635 701 663 Maius
713 635 803 658 Altare.
836 635 957 657 Deficiunt
967 635 1014 658 tria
1025 634 1193 664 superpellicia

127 669 170 691 pro
181 664 268 692 pueris.
302 665 388 687 Deficit
406 671 486 687 serura
497 665 526 686 ad
540 664 708 688 Eukaristiam.
741 665 851 694 Quinque
862 665 964 689 Vexilla.
992 664 1101 693 Legenda
1111 664 1192 686 Sanct-

130 699 197 715 orum
217 694 277 716 male
286 694 366 723 ligata.
399 694 523 716 Cancellus
540 694 600 716 male
618 696 758 723 coopertus;
778 696 802 716 et
818 696 854 717 est
864 694 987 716 contencio
998 694 1060 716 inter
1070 693 1193 716 Vicarium

129 723 152 743 et
164 722 320 745 Parochianos
332 724 385 752 quis
397 724 482 746 debeat
490 724 609 752 cooperire
621 724 758 746 Canac-llum
768 731 773 747 z
790 725 814 746 et
826 724 955 753 inquiritur
962 723 990 746 de
999 723 1078 746 valore
1089 723 1191 746 Vicarie.

128 751 201 774 Navis
213 752 315 775 Ecclesie
327 753 387 775 male
399 754 434 775 est
446 754 564 781 cooperta.

98 779 244 809 Parochiani,
270 782 380 805 videlicet
397 783 412 804 J
415 782 518 804 ohannes
540 782 569 804 de
590 783 741 811 Hytteweye,
763 783 879 805 Ricnrdus
896 783 996 811 Byssop,
1020 782 1036 804 J
1038 782 1142 804 ohannes
1162 781 1192 804 de

128 810 260 839 Manstoue,
281 812 397 834 Henricus
416 812 499 839 Trono,
520 812 535 833 J
538 811 641 834 ohannes
660 812 689 834 <le
708 812 838 840 Filenmbe,
861 812 978 834 Ricanlus
998 812 1028 834 de
1050 811 1189 839 Radeweye,

127 840 249 862 Johnnnes
268 841 297 863 de
316 841 339 863 la
357 841 437 869 Clyve,
459 841 589 863 Nicholaus
608 843 636 863 de
656 842 869 870 Neithlyncumbe,
892 841 1028 863 Willelmus
1047 841 1076 863 de
1097 840 1189 869 eodem,

128 869 243 892 Ricardus
254 870 282 891 de
293 870 316 892 la
327 871 407 898 Beare,
422 871 565 892 Laurencius
577 871 597 892 le
609 871 702 899 Sopere,
716 871 730 893 J
734 871 837 893 ohannes
849 871 877 893 de
885 871 965 899 Virga,
977 870 1095 892 Hernicus
1103 870 1188 898 Ysger,

126 899 261 921 Willelmus
274 900 356 928 Faber,
367 903 391 922 et
398 900 413 922 J
416 900 518 922 ohannes
528 900 664 928 Godynche,
674 901 757 928 jurati⁷
767 901 850 922 dicunt
861 900 926 929 quod
934 900 1051 922 Dominus
1059 899 1188 927 Walterus,

126 928 244 956 vicarius,
257 936 296 951 eos
308 930 406 952 instruit
418 930 441 951 in
454 930 511 951 Fide
523 930 652 951 seeundum
664 930 727 958 quod
739 930 783 952 seit
794 931 818 952 et
829 931 859 952 ad
870 937 923 952 eum
935 930 1047 958 pertinet,
1060 931 1084 951 et
1095 929 1153 951 bene
1165 935 1190 950 se

126 958 186 986 gerit
196 960 220 980 et
230 958 343 986 honeste;
360 966 402 981 nec
419 959 510 987 aliquid
527 959 605 981 sciunt
623 959 687 988 quod
705 959 795 988 indiget
814 959 958 981 correecione
969 959 994 980 in
1005 958 1126 981 Parochia.
1158 958 1190 980 Et

126 987 189 1010 valet
200 988 264 1010 dieta
275 988 369 1010 Vinaria
380 988 412 1017 xij
425 995 522 1015 marcas,
536 990 559 1010 et
572 989 681 1011 Rcctoria
693 989 768 1011 xxxii.
791 989 907 1010 Dominus
917 989 964 1016 W.‚
976 995 1039 1010 nuuc
1051 987 1189 1015 Firmarius,

128 1017 233 1039 homines
246 1017 346 1039 Manerii
357 1018 415 1040 bene
424 1019 489 1040 tenet
500 1020 524 1040 et
536 1018 656 1045 defendit;
675 1018 803 1047 nullusque
815 1018 923 1040 redditus
930 1019 966 1040 est
973 1018 1141 1046 augmentatus
1151 1017 1190 1039 vel

126 1046 268 1074 diminutus,
281 1047 326 1068 nisi
343 1047 372 1069 ad
389 1047 538 1070 voluntatem
556 1048 658 1070 Domini.
702 1048 737 1069 De
754 1047 865 1076 operibus
882 1049 906 1069 et
924 1047 1145 1074 consuetudinibus,
1163 1052 1190 1068 ac

126 1076 339 1098 consuetudinibus
350 1077 463 1105 antiquis,
476 1077 552 1106 liquet
564 1084 605 1105 per
616 1077 789 1099 custumarium
799 1085 804 1105 ;
821 1079 844 1099 et
852 1077 931 1099 dictus
941 1077 1070 1098 Firmarius
1078 1082 1116 1098 eas
1123 1076 1189 1098 tenet

126 1106 255 1128 secuudum
267 1106 330 1134 quod
341 1106 439 1128 invenit.
472 1107 545 1129 Nulle
563 1108 619 1128 suut
636 1107 819 1128 consuetudines
836 1106 865 1128 de
881 1113 942 1128 novo
959 1106 1078 1134 imposite,
1091 1105 1141 1134 lege
1152 1104 1191 1127 vel

123 1135 177 1163 jure
189 1142 193 1162 3
206 1142 248 1157 nec
257 1136 336 1164 aliqua
344 1137 379 1158 est
388 1137 450 1158 terra
457 1136 565 1163 alienata,
575 1142 616 1158 nec
624 1136 710 1164 aliquis
719 1137 755 1158 est
762 1135 868 1158 libertati
878 1136 988 1158 donatus.
1006 1135 1145 1157 Dominicus
1153 1135 1190 1157 est

126 1164 264 1187 melioratus
276 1172 317 1194 per
328 1167 459 1194 presentem
477 1166 618 1188 Firmarium
635 1165 659 1187 iu
676 1165 825 1187 marliacione
837 1165 878 1193 xiij
891 1171 998 1187 aerarum
1009 1166 1034 1187 et
1044 1164 1187 1191 clausarum,

126 1194 150 1215 in
167 1196 271 1223 quatuor
289 1195 325 1222 li„
338 1202 381 1217 nec
398 1195 488 1224 aliquid
506 1195 535 1217 de
554 1195 618 1217 dicto
630 1195 747 1216 dominico
766 1195 837 1216 alicui
855 1195 891 1216 est
908 1200 1054 1222 concessum,
1065 1200 1134 1222 prece
1150 1193 1188 1215 vel

125 1224 211 1252 precio,
244 1224 354 1252 Gardina,
368 1224 479 1252 pomeria,
493 1225 600 1253 piscaria,
612 1225 687 1253 prata,
707 1225 731 1246 et
748 1224 834 1252 clausa,
847 1224 904 1246 sunt
922 1224 946 1245 iu
963 1224 1029 1245 statu
1045 1229 1092 1252 quo
1111 1222 1191 1245 (lictus

126 1253 255 1275 Firmarius
267 1260 305 1275 eas
317 1254 413 1282 recepit.
446 1254 625 1276 Columbarium
637 1255 672 1275 cst
688 1253 718 1275 ad
733 1254 820 1275 terram
836 1254 1013 1282 consumptum,
1026 1252 1091 1281 quod
1106 1253 1187 1281 potest

125 1283 229 1311 reparari
250 1290 304 1305 cum
325 1283 340 1311 ij
363 1283 456 1306 marcis.
489 1283 626 1305 Molendina
647 1285 703 1305 sunt
721 1283 851 1310 meliorata,
871 1284 895 1305 et
915 1283 992 1310 majus
1014 1282 1093 1304 valent
1113 1288 1188 1310 quam

126 1313 253 1335 valuerunt
273 1314 379 1341 tempore
400 1319 448 1341 quo
473 1313 561 1341 recepit
568 1313 617 1334 —in
642 1314 759 1341 quantum
778 1313 968 1340 ignorant,-nec
993 1318 1056 1334 nunc
1081 1310 1190 1339 indigent

126 1342 225 1370 aliquali
245 1342 401 1371 reparacione.
445 1342 476 1364 Et
497 1342 559 1364 idem
580 1342 628 1370 W.‚
663 1342 800 1369 Firmarius,
823 1341 937 1370 expendit
959 1342 1008 1363 tam
1025 1341 1050 1362 in
1071 1341 1189 1362 ereccione

125 1371 257 1400 domorum,
270 1371 380 1393 videlicet
398 1372 423 1393 in
440 1371 615 1394 construccione
630 1378 719 1393 camere
735 1371 760 1393 in
775 1372 842 1400 parte
858 1370 966 1393 Australi
978 1370 1039 1392 Aule
1055 1371 1079 1392 ct
1094 1369 1188 1392 emend·

126 1401 206 1423 acione
218 1408 307 1423 camere
318 1408 347 1423 ex
358 1402 425 1429 parte
434 1401 530 1429 Boria]i‚
547 1403 571 1423 et
582 1401 757 1422 constiuccione
769 1400 892 1429 cujusdam
901 1400 990 1422 stabuli
999 1400 1072 1428 juxta
1081 1405 1192 1427 magnam

125 1432 226 1459 portam,
235 1432 259 1453 et
270 1437 331 1452 nova.
337 1431 442 1452 vaccaria
453 1431 477 1452 in
489 1431 567 1458 Curia,
579 1432 603 1452 et
614 1430 721 1452 herbaria
732 1430 796 1458 apud
808 1430 830 1451 la
837 1429 974 1457 Waterlete,
985 1430 1009 1451 et
1019 1429 1115 1451 boveria
1125 1428 1190 1457 apud

127 1460 190 1482 Bohe
202 1460 282 1488 Clyve,
296 1462 319 1482 et
335 1460 430 1488 porticu
447 1460 541 1488 grangie
559 1459 687 1481 decimalis.
716 1459 814 1481 Summa
829 1459 965 1481 molendino
981 1460 1005 1481 et
1017 1459 1071 1481 aliis
1085 1464 1189 1480 necessa-

128 1490 169 1512 riis
180 1490 239 1512 dicti
251 1490 358 1517 Manerii,
371 1490 395 1511 lx
407 1496 490 1517 marce,
504 1497 518 1511 a
528 1491 634 1517 tempore
644 1496 691 1517 quo
705 1489 773 1511 stetit
782 1489 918 1511 Firmarius.
951 1488 1073 1515 Quantum
1080 1487 1169 1516 recepit
1177 1493 1192 1509 a.

125 1519 287 1548 predecessore
298 1526 342 1541 suo
353 1519 471 1547 ignorant
504 1519 534 1541 Et
546 1519 665 1541 dimittere
683 1518 754 1540 debet
769 1518 897 1540 successori
914 1524 956 1539 suo
968 1517 993 1546 iij
1005 1524 1105 1545 mensas,
1118 1523 1191 1538 unam

125 1549 214 1578 pelvim
226 1556 279 1571 cum
292 1549 413 1576 lavatorio,
427 1551 451 1570 et
467 1549 489 1577 vj
503 1548 615 1570 trestella.
649 1548 686 1575 Et,
700 1549 786 1575 tamen,
805 1547 907 1576 quedam
923 1547 1019 1576 grangia
1030 1553 1076 1575 que
1091 1547 1190 1568 vocatur

127 1578 223 1607 grangia
243 1578 351 1606 siliginis,
372 1585 417 1606 que
435 1579 471 1599 est
487 1578 590 1604 ruinosa,
612 1577 633 1599 si
652 1579 713 1599 esset
730 1578 849 1605 prostrata
868 1583 915 1598 non
933 1578 995 1598 esset
1011 1576 1040 1598 ad
1060 1576 1192 1604 dampnum

125 1608 232 1630 Manerii.
266 1608 296 1630 Et
307 1609 386 1636 potest
397 1607 500 1635 reparari
511 1608 535 1628 in
547 1608 613 1629 statu
626 1613 673 1635 quo
685 1606 732 1628 fuit
743 1608 849 1634 tempore
860 1613 907 1634 quo
918 1606 1036 1628 Dominus
1047 1606 1085 1627 W.
1099 1605 1192 1627 firmam

124 1637 213 1666 recepit
232 1644 275 1666 pro
292 1644 326 1659 xs.
360 1637 391 1659 Et
409 1637 492 1659 dicunt
503 1637 567 1665 quod
578 1637 688 1658 Vicarius
707 1636 829 1658 consuevit
846 1636 935 1658 solvere
957 1635 1077 1664 quandam
1088 1641 1192 1656 annuam

125 1667 261 1696 pensionem
273 1667 325 1694 xls.,
345 1668 369 1688 et
380 1666 480 1688 cessavit
491 1666 583 1688 circiter
594 1673 625 1687 xv
636 1672 717 1688 annos,
750 1665 857 1692 Quedam
869 1672 923 1694 pars
935 1665 997 1687 muri
1008 1664 1076 1692 longe
1087 1664 1190 1693 grangie,

125 1696 281 1725 longitudinis
301 1696 324 1725 iij
345 1696 490 1724 virgatarum
509 1697 533 1718 et
553 1695 658 1723 dimidie,
677 1696 713 1717 est
730 1696 840 1723 ruinosa;
866 1701 913 1723 que
930 1695 1012 1723 potest
1028 1693 1131 1723 reparari
1148 1699 1192 1722 pro

124 1726 280 1755 iiijs.-ibz'zl.,
294 1732 353 1754 page
364 1726 399 1748 51.

155 1764 273 1787 Taxation
285 1764 313 1792 of
325 1764 361 1786 tlze
378 1763 516 1792 Vtcumq—

95 1802 223 1829 Universis,
237 1803 291 1829 ete,
305 1801 433 1829 Walterus,
446 1802 500 1829 etc„
520 1801 630 1829 salutem,
657 1800 835 1823 ete—Noverit
854 1800 1002 1823 Universitas
1019 1800 1098 1822 vestra
1114 1798 1188 1828 quod,

124 1839 178 1854 cum
197 1832 258 1854 inter
276 1831 374 1853 dilectos
391 1831 415 1853 in
433 1831 528 1853 Christo
547 1831 616 1858 tilios,
637 1831 759 1852 Decanum
780 1832 804 1852 et
826 1830 965 1859 Capitulum
985 1830 1088 1852 Eeclesie
1109 1830 1190 1851 nostre

125 1861 271 1889 Exoniensis,
290 1868 319 1882 ex
335 1863 402 1889 parte
421 1867 475 1888 uua,
496 1862 520 1882 et
537 1860 693 1889 Stephanum,
706 1860 828 1882 Vicarium
847 1859 950 1882 Ecclesie
967 1859 995 1881 de
1012 1859 1142 1887 Sydebery,
1159 1865 1189 1881 ex

124 1891 205 1918 altera,
228 1890 348 1912 occasione
369 1890 494 1918 cujusdam
515 1896 592 1912 annue
612 1889 732 1918 pensionis
754 1889 912 1918 quadraginta
938 1889 1076 1916 solidorum,
1099 1888 1189 1910 eisdem

125 1921 219 1942 Decano
234 1921 258 1942 et
269 1919 387 1948 Capitulo,
402 1919 495 1941 nomine
507 1919 601 1941 Vicarie
617 1925 658 1941 sue
674 1919 786 1947 predicte,
800 1925 842 1947 per
853 1918 995 1941 Canonicam
1007 1918 1188 1940 Ordinacionem

124 1950 203 1972 debite
220 1949 249 1971 ab
268 1949 357 1977 eadem,
370 1956 442 1978 quam
459 1949 522 1970 idem
534 1949 643 1970 Vicarius
657 1948 707 1976 jain
725 1955 767 1976 per
783 1955 824 1970 sex
840 1954 913 1970 annos
924 1947 1070 1970 subtraxisse
1081 1947 1188 1969 indebite

125 1979 254 2006 dicebatur,
272 1980 337 2000 mota
347 1979 431 2000 fuisset
443 1978 541 2000 materia
551 1978 690 2006 questionis,
708 1978 803 1999 tandem
815 1977 873 1999 dieti
885 1977 992 1999 Deeanus
1003 1978 1028 1999 et
1039 1976 1186 2005 Capitulum,

124 2016 166 2037 per
187 2008 328 2030 Nicholaum
351 2008 506 2035 Durueforde,
530 2008 707 2029 Procuratorem
730 2007 866 2034 eorundem,
891 2007 1005 2035 Magister
1026 2006 1131 2034 Rogerus
1157 2005 1187 2027 de

123 2038 276 2066 Churletone,
293 2037 479 2059 Archidiaconus
495 2037 614 2065 Tottonic,
628 2038 652 2059 et
670 2036 799 2059 Firmarius
816 2036 879 2058 dicte
896 2036 998 2058 Ecclesie
1015 2036 1044 2058 de
1063 2035 1188 2064 sydebury

476 2115 485 2130 ¹
502 2115 543 2138 See
554 2121 612 2145 page
623 2115 659 2143 24,
672 2116 725 2137 note
737 2114 758 2139 2.

1010 2154 1039 2179 Y
