<?xml version="1.0" encoding="UTF-8"?>
<!DOCTYPE html PUBLIC "-//W3C//DTD XHTML 1.0 Transitional//EN"
    "http://www.w3.org/TR/xhtml1/DTD/xhtml1-transitional.dtd">
<html xmlns="http://www.w3.org/1999/xhtml" xml:lang="en" lang="en">
 <head>
  <title>
</title>
<meta http-equiv="Content-Type" content="text/html;charset=utf-8" />
  <meta name='ocr-system' content='tesseract 3.04.00' />
  <meta name='ocr-capabilities' content='ocr_page ocr_carea ocr_par ocr_line ocrx_word'/>
</head>
<body>
  <div class='ocr_page' id='page_1' title='image "./registerofwalter00exet_0053.png"; bbox 0 0 1328 2295; ppageno 0'>
   <div class='ocr_carea' id='block_1_1' title="bbox 193 158 1160 198">
    <p class='ocr_par' dir='ltr' id='par_1_1' title="bbox 193 158 1160 198">
     <span class='ocr_line' id='line_1_1' title="bbox 193 158 1160 198; baseline -0.002 0"><span class='ocrx_word' id='word_1_1' title='bbox 193 170 268 198; x_wconf 84' lang='lat' dir='ltr'>THE</span> <span class='ocrx_word' id='word_1_2' title='bbox 294 168 483 198; x_wconf 81' lang='lat' dir='ltr'><strong>REGISTER</strong></span> <span class='ocrx_word' id='word_1_3' title='bbox 508 167 554 198; x_wconf 80' lang='lat' dir='ltr'>OF</span> <span class='ocrx_word' id='word_1_4' title='bbox 579 166 721 197; x_wconf 84' lang='lat' dir='ltr'>BISHOP</span> <span class='ocrx_word' id='word_1_5' title='bbox 749 166 977 197; x_wconf 83' lang='lat' dir='ltr'>STAPELDON.</span> <span class='ocrx_word' id='word_1_6' title='bbox 1116 158 1160 196; x_wconf 80' lang='lat' dir='ltr'>ll.</span> 
     </span>
    </p>
   </div>
   <div class='ocr_carea' id='block_1_2' title="bbox 101 249 1169 379">
    <p class='ocr_par' dir='ltr' id='par_1_2' title="bbox 101 249 1169 379">
     <span class='ocr_line' id='line_1_2' title="bbox 101 249 1169 281; baseline -0.001 -8"><span class='ocrx_word' id='word_1_7' title='bbox 101 249 200 273; x_wconf 87' lang='lat' dir='ltr'>nolletis</span> <span class='ocrx_word' id='word_1_8' title='bbox 218 250 285 281; x_wconf 88' lang='lat' dir='ltr'>quod</span> <span class='ocrx_word' id='word_1_9' title='bbox 306 250 443 274; x_wconf 79' lang='lat' dir='ltr'>faceremus</span> <span class='ocrx_word' id='word_1_10' title='bbox 459 249 555 281; x_wconf 85' lang='lat' dir='ltr'>aliquid</span> <span class='ocrx_word' id='word_1_11' title='bbox 574 250 643 281; x_wconf 87' lang='lat' dir='ltr'>quod</span> <span class='ocrx_word' id='word_1_12' title='bbox 661 249 801 273; x_wconf 84' lang='lat' dir='ltr'>redundare</span> <span class='ocrx_word' id='word_1_13' title='bbox 823 249 902 280; x_wconf 86' lang='lat' dir='ltr'>possit</span> <span class='ocrx_word' id='word_1_14' title='bbox 921 249 946 273; x_wconf 89' lang='lat' dir='ltr'>iu</span> <span class='ocrx_word' id='word_1_15' title='bbox 968 249 1033 273; x_wconf 79' lang='lat' dir='ltr'>famo</span> <span class='ocrx_word' id='word_1_16' title='bbox 1053 249 1091 272; x_wconf 80' lang='lat' dir='ltr'>vel</span> <span class='ocrx_word' id='word_1_17' title='bbox 1110 249 1169 272; x_wconf 87' lang='lat' dir='ltr'>fide-</span> 
     </span>
     <span class='ocr_line' id='line_1_3' title="bbox 101 282 1169 313; baseline -0.001 -7"><span class='ocrx_word' id='word_1_18' title='bbox 101 282 179 306; x_wconf 74' lang='lat' dir='ltr'>litatis</span> <span class='ocrx_word' id='word_1_19' title='bbox 191 285 275 306; x_wconf 83' lang='lat' dir='ltr'>nostre</span> <span class='ocrx_word' id='word_1_20' title='bbox 287 283 412 306; x_wconf 81' lang='lat' dir='ltr'>lesionem.</span> <span class='ocrx_word' id='word_1_21' title='bbox 444 283 511 307; x_wconf 87' lang='lat' dir='ltr'>Certi</span> <span class='ocrx_word' id='word_1_22' title='bbox 523 283 578 306; x_wconf 86' lang='lat' dir='ltr'>sitis</span> <span class='ocrx_word' id='word_1_23' title='bbox 591 283 659 313; x_wconf 83' lang='lat' dir='ltr'>quod</span> <span class='ocrx_word' id='word_1_24' title='bbox 668 282 735 306; x_wconf 72' lang='lat' dir='ltr'>idem</span> <span class='ocrx_word' id='word_1_25' title='bbox 747 282 946 313; x_wconf 80' lang='lat' dir='ltr'>consanguineus</span> <span class='ocrx_word' id='word_1_26' title='bbox 956 284 1037 306; x_wconf 84' lang='lat' dir='ltr'>vester</span> <span class='ocrx_word' id='word_1_27' title='bbox 1046 282 1169 305; x_wconf 79' lang='lat' dir='ltr'>veniendo</span> 
     </span>
     <span class='ocr_line' id='line_1_4' title="bbox 102 315 1168 346; baseline 0 -8"><span class='ocrx_word' id='word_1_28' title='bbox 102 315 133 339; x_wconf 83' lang='lat' dir='ltr'>ad</span> <span class='ocrx_word' id='word_1_29' title='bbox 145 323 190 339; x_wconf 90' lang='lat' dir='ltr'>nos</span> <span class='ocrx_word' id='word_1_30' title='bbox 202 315 312 339; x_wconf 86' lang='lat' dir='ltr'>laborem</span> <span class='ocrx_word' id='word_1_31' title='bbox 324 323 374 339; x_wconf 88' lang='lat' dir='ltr'>non</span> <span class='ocrx_word' id='word_1_32' title='bbox 386 315 474 346; x_wconf 86' lang='lat' dir='ltr'>perdet</span> <span class='ocrx_word' id='word_1_33' title='bbox 484 316 522 339; x_wconf 89' lang='lat' dir='ltr'>vel</span> <span class='ocrx_word' id='word_1_34' title='bbox 535 323 661 346; x_wconf 74' lang='lat' dir='ltr'>expensas.</span> <span class='ocrx_word' id='word_1_35' title='bbox 682 315 828 339; x_wconf 84' lang='lat' dir='ltr'>Altissimus</span> <span class='ocrx_word' id='word_1_36' title='bbox 841 323 884 339; x_wconf 88' lang='lat' dir='ltr'>vos</span> <span class='ocrx_word' id='word_1_37' title='bbox 896 315 1168 339; x_wconf 78' lang='lat' dir='ltr'>conservetl——Datum</span> 
     </span>
     <span class='ocr_line' id='line_1_5' title="bbox 102 348 661 379; baseline 0 -8"><span class='ocrx_word' id='word_1_38' title='bbox 102 348 170 378; x_wconf 85' lang='lat' dir='ltr'>apud</span> <span class='ocrx_word' id='word_1_39' title='bbox 184 348 340 378; x_wconf 76' lang='lat' dir='ltr'>Chudeham,</span> <span class='ocrx_word' id='word_1_40' title='bbox 354 348 405 379; x_wconf 88' lang='lat' dir='ltr'>xvij</span> <span class='ocrx_word' id='word_1_41' title='bbox 420 348 460 371; x_wconf 90' lang='lat' dir='ltr'>die</span> <span class='ocrx_word' id='word_1_42' title='bbox 472 348 566 378; x_wconf 82' lang='lat' dir='ltr'>Aprilis</span> <span class='ocrx_word' id='word_1_43' title='bbox 580 356 586 377; x_wconf 78' lang='lat'>3</span> <span class='ocrx_word' id='word_1_44' title='bbox 604 348 661 372; x_wconf 60' lang='lat' dir='ltr'>ibid.</span> 
     </span>
    </p>
   </div>
   <div class='ocr_carea' id='block_1_3' title="bbox 70 397 1171 852">
    <p class='ocr_par' dir='ltr' id='par_1_3' title="bbox 135 397 630 421">
     <span class='ocr_line' id='line_1_6' title="bbox 135 397 630 421; baseline 0.002 -1"><span class='ocrx_word' id='word_1_45' title='bbox 135 397 220 421; x_wconf 75' lang='lat' dir='ltr'>Litera</span> <span class='ocrx_word' id='word_1_46' title='bbox 232 397 326 421; x_wconf 74' lang='lat' dir='ltr'>directa</span> <span class='ocrx_word' id='word_1_47' title='bbox 338 397 437 421; x_wconf 81' lang='lat' dir='ltr'>Decano</span> <span class='ocrx_word' id='word_1_48' title='bbox 449 397 580 421; x_wconf 77' lang='lat' dir='ltr'>Exoniensi</span> <span class='ocrx_word' id='word_1_49' title='bbox 592 405 630 421; x_wconf 89' lang='lat'>:—</span> 
     </span>
    </p>

    <p class='ocr_par' dir='ltr' id='par_1_4' title="bbox 70 429 1171 852">
     <span class='ocr_line' id='line_1_7' title="bbox 70 429 1169 460; baseline -0.001 -7"><span class='ocrx_word' id='word_1_50' title='bbox 70 430 121 454; x_wconf 81' lang='lat' dir='ltr'>Suo</span> <span class='ocrx_word' id='word_1_51' title='bbox 134 430 233 453; x_wconf 80' lang='lat' dir='ltr'>Decano</span> <span class='ocrx_word' id='word_1_52' title='bbox 243 438 304 453; x_wconf 86' lang='lat' dir='ltr'>suus</span> <span class='ocrx_word' id='word_1_53' title='bbox 317 430 418 453; x_wconf 84' lang='lat' dir='ltr'>Electus</span> <span class='ocrx_word' id='word_1_54' title='bbox 430 430 456 453; x_wconf 90' lang='lat' dir='ltr'>id</span> <span class='ocrx_word' id='word_1_55' title='bbox 468 430 536 460; x_wconf 89' lang='lat' dir='ltr'>quod</span> <span class='ocrx_word' id='word_1_56' title='bbox 548 429 711 453; x_wconf 72' lang='lat' dir='ltr'>sibi—Dixit</span> <span class='ocrx_word' id='word_1_57' title='bbox 722 429 794 453; x_wconf 85' lang='lat' dir='ltr'>nobis</span> <span class='ocrx_word' id='word_1_58' title='bbox 806 437 887 460; x_wconf 84' lang='lat' dir='ltr'>nuper</span> <span class='ocrx_word' id='word_1_59' title='bbox 899 429 1018 460; x_wconf 78' lang='lat' dir='ltr'>Magister</span> <span class='ocrx_word' id='word_1_60' title='bbox 1027 429 1169 452; x_wconf 55' lang='lat' dir='ltr'>XVillelmus</span> 
     </span>
     <span class='ocr_line' id='line_1_8' title="bbox 101 462 1169 493; baseline -0.001 -7"><span class='ocrx_word' id='word_1_61' title='bbox 101 463 133 486; x_wconf 85' lang='lat' dir='ltr'>de</span> <span class='ocrx_word' id='word_1_62' title='bbox 145 462 281 493; x_wconf 77' lang='lat' dir='ltr'>Wolleghe‚</span> <span class='ocrx_word' id='word_1_63' title='bbox 295 463 398 486; x_wconf 86' lang='lat' dir='ltr'>clericus</span> <span class='ocrx_word' id='word_1_64' title='bbox 411 465 501 492; x_wconf 86' lang='lat' dir='ltr'>noster,</span> <span class='ocrx_word' id='word_1_65' title='bbox 515 463 546 486; x_wconf 81' lang='lat' dir='ltr'>de</span> <span class='ocrx_word' id='word_1_66' title='bbox 558 463 672 493; x_wconf 83' lang='lat' dir='ltr'>partibus</span> <span class='ocrx_word' id='word_1_67' title='bbox 690 462 739 486; x_wconf 88' lang='lat' dir='ltr'>illis</span> <span class='ocrx_word' id='word_1_68' title='bbox 756 462 862 491; x_wconf 79' lang='lat' dir='ltr'>rediens,</span> <span class='ocrx_word' id='word_1_69' title='bbox 876 463 944 492; x_wconf 83' lang='lat' dir='ltr'>quod</span> <span class='ocrx_word' id='word_1_70' title='bbox 956 470 1000 485; x_wconf 77' lang='lat' dir='ltr'>vos</span> <span class='ocrx_word' id='word_1_71' title='bbox 1012 462 1037 485; x_wconf 91' lang='lat' dir='ltr'>in</span> <span class='ocrx_word' id='word_1_72' title='bbox 1052 462 1169 492; x_wconf 76' lang='lat' dir='ltr'>Capitulo</span> 
     </span>
     <span class='ocr_line' id='line_1_9' title="bbox 102 495 1170 526; baseline -0.001 -8"><span class='ocrx_word' id='word_1_73' title='bbox 102 503 184 518; x_wconf 86' lang='lat' dir='ltr'>coram</span> <span class='ocrx_word' id='word_1_74' title='bbox 193 495 323 518; x_wconf 77' lang='lat' dir='ltr'><strong>Fratribus</strong></span> <span class='ocrx_word' id='word_1_75' title='bbox 336 495 427 518; x_wconf 86' lang='lat' dir='ltr'>nostris</span> <span class='ocrx_word' id='word_1_76' title='bbox 440 495 515 518; x_wconf 82' lang='lat' dir='ltr'>verba</span> <span class='ocrx_word' id='word_1_77' title='bbox 527 495 714 526; x_wconf 80' lang='lat' dir='ltr'>subsequencia,</span> <span class='ocrx_word' id='word_1_78' title='bbox 725 495 764 518; x_wconf 79' lang='lat' dir='ltr'>vel</span> <span class='ocrx_word' id='word_1_79' title='bbox 777 495 879 518; x_wconf 85' lang='lat' dir='ltr'>consilia</span> <span class='ocrx_word' id='word_1_80' title='bbox 891 495 1000 518; x_wconf 80' lang='lat' dir='ltr'>eundem</span> <span class='ocrx_word' id='word_1_81' title='bbox 1012 495 1170 518; x_wconf 70' lang='lat' dir='ltr'>intellectum</span> 
     </span>
     <span class='ocr_line' id='line_1_10' title="bbox 102 527 1167 558; baseline -0.001 -7"><span class='ocrx_word' id='word_1_82' title='bbox 102 527 227 557; x_wconf 77' lang='lat' dir='ltr'>habencia,</span> <span class='ocrx_word' id='word_1_83' title='bbox 240 528 377 556; x_wconf 77' lang='lat' dir='ltr'>dicebatis;</span> <span class='ocrx_word' id='word_1_84' title='bbox 393 528 516 557; x_wconf 81' lang='lat' dir='ltr'>videlicet,</span> <span class='ocrx_word' id='word_1_85' title='bbox 533 528 601 558; x_wconf 80' lang='lat' dir='ltr'>quod</span> <span class='ocrx_word' id='word_1_86' title='bbox 618 535 715 551; x_wconf 83' lang='lat' dir='ltr'>eramus</span> <span class='ocrx_word' id='word_1_87' title='bbox 733 528 763 550; x_wconf 87' lang='lat' dir='ltr'>de</span> <span class='ocrx_word' id='word_1_88' title='bbox 780 528 856 551; x_wconf 80' lang='lat' dir='ltr'>nimia</span> <span class='ocrx_word' id='word_1_89' title='bbox 875 528 1024 551; x_wconf 69' lang='lat' dir='ltr'>credulitate</span> <span class='ocrx_word' id='word_1_90' title='bbox 1041 527 1167 558; x_wconf 81' lang='lat' dir='ltr'>arguendi.</span> 
     </span>
     <span class='ocr_line' id='line_1_11' title="bbox 103 560 1169 591; baseline 0 -8"><span class='ocrx_word' id='word_1_91' title='bbox 103 561 184 587; x_wconf 87' lang='lat' dir='ltr'>Unde,</span> <span class='ocrx_word' id='word_1_92' title='bbox 198 560 257 584; x_wconf 89' lang='lat' dir='ltr'>licet</span> <span class='ocrx_word' id='word_1_93' title='bbox 269 560 334 583; x_wconf 81' lang='lat' dir='ltr'>forte</span> <span class='ocrx_word' id='word_1_94' title='bbox 346 568 396 583; x_wconf 88' lang='lat' dir='ltr'>non</span> <span class='ocrx_word' id='word_1_95' title='bbox 409 568 541 591; x_wconf 86' lang='lat' dir='ltr'>possumus</span> <span class='ocrx_word' id='word_1_96' title='bbox 553 568 628 591; x_wconf 89' lang='lat' dir='ltr'>super</span> <span class='ocrx_word' id='word_1_97' title='bbox 638 560 685 583; x_wconf 88' lang='lat' dir='ltr'>hiis</span> <span class='ocrx_word' id='word_1_98' title='bbox 697 560 811 583; x_wconf 78' lang='lat' dir='ltr'>totaliter</span> <span class='ocrx_word' id='word_1_99' title='bbox 823 560 943 589; x_wconf 80' lang='lat' dir='ltr'>excusari,</span> <span class='ocrx_word' id='word_1_100' title='bbox 957 560 1073 583; x_wconf 74' lang='lat' dir='ltr'>volumus</span> <span class='ocrx_word' id='word_1_101' title='bbox 1084 562 1169 583; x_wconf 76' lang='lat' dir='ltr'>tamen</span> 
     </span>
     <span class='ocr_line' id='line_1_12' title="bbox 101 592 1170 624; baseline 0 -8"><span class='ocrx_word' id='word_1_102' title='bbox 101 593 185 616; x_wconf 77' lang='lat' dir='ltr'>omnia</span> <span class='ocrx_word' id='word_1_103' title='bbox 193 601 236 616; x_wconf 89' lang='lat' dir='ltr'>vos</span> <span class='ocrx_word' id='word_1_104' title='bbox 248 593 419 624; x_wconf 85' lang='lat' dir='ltr'>contingencia</span> <span class='ocrx_word' id='word_1_105' title='bbox 432 593 524 624; x_wconf 90' lang='lat' dir='ltr'>quibus</span> <span class='ocrx_word' id='word_1_106' title='bbox 532 592 608 616; x_wconf 85' lang='lat' dir='ltr'>fidem</span> <span class='ocrx_word' id='word_1_107' title='bbox 621 593 782 616; x_wconf 79' lang='lat' dir='ltr'>adhibuimus</span> <span class='ocrx_word' id='word_1_108' title='bbox 795 601 839 623; x_wconf 80' lang='lat' dir='ltr'>per</span> <span class='ocrx_word' id='word_1_109' title='bbox 850 595 928 616; x_wconf 71' lang='lat' dir='ltr'>testes</span> <span class='ocrx_word' id='word_1_110' title='bbox 940 593 1057 624; x_wconf 74' lang='lat' dir='ltr'>ydoneos¹</span> <span class='ocrx_word' id='word_1_111' title='bbox 1067 592 1087 616; x_wconf 86' lang='lat' dir='ltr'>si</span> <span class='ocrx_word' id='word_1_112' title='bbox 1099 600 1170 622; x_wconf 81' lang='lat' dir='ltr'>opor-</span> 
     </span>
     <span class='ocr_line' id='line_1_13' title="bbox 103 625 1170 656; baseline -0.001 -7"><span class='ocrx_word' id='word_1_113' title='bbox 103 628 163 654; x_wconf 79' lang='lat' dir='ltr'>teat¹</span> <span class='ocrx_word' id='word_1_114' title='bbox 179 626 205 649; x_wconf 88' lang='lat' dir='ltr'>in</span> <span class='ocrx_word' id='word_1_115' title='bbox 218 628 300 649; x_wconf 79' lang='lat' dir='ltr'>vestro</span> <span class='ocrx_word' id='word_1_116' title='bbox 313 626 439 656; x_wconf 84' lang='lat' dir='ltr'>presencia.</span> <span class='ocrx_word' id='word_1_117' title='bbox 451 626 616 656; x_wconf 77' lang='lat' dir='ltr'>comprobare.</span> <span class='ocrx_word' id='word_1_118' title='bbox 652 625 752 656; x_wconf 79' lang='lat' dir='ltr'>Vosque</span> <span class='ocrx_word' id='word_1_119' title='bbox 764 625 920 648; x_wconf 81' lang='lat' dir='ltr'>intendimus</span> <span class='ocrx_word' id='word_1_120' title='bbox 935 633 1010 656; x_wconf 87' lang='lat' dir='ltr'>super</span> <span class='ocrx_word' id='word_1_121' title='bbox 1021 625 1170 649; x_wconf 70' lang='lat' dir='ltr'>credulitate</span> 
     </span>
     <span class='ocr_line' id='line_1_14' title="bbox 103 658 1170 689; baseline 0 -8"><span class='ocrx_word' id='word_1_122' title='bbox 103 658 178 681; x_wconf 86' lang='lat' dir='ltr'>nimis</span> <span class='ocrx_word' id='word_1_123' title='bbox 194 658 243 681; x_wconf 80' lang='lat' dir='ltr'>cita</span> <span class='ocrx_word' id='word_1_124' title='bbox 260 666 362 689; x_wconf 82' lang='lat' dir='ltr'>arguere</span> <span class='ocrx_word' id='word_1_125' title='bbox 378 658 444 681; x_wconf 88' lang='lat' dir='ltr'>inter</span> <span class='ocrx_word' id='word_1_126' title='bbox 455 666 500 681; x_wconf 87' lang='lat' dir='ltr'>nos</span> <span class='ocrx_word' id='word_1_127' title='bbox 516 658 542 681; x_wconf 90' lang='lat' dir='ltr'>in</span> <span class='ocrx_word' id='word_1_128' title='bbox 558 660 666 686; x_wconf 86' lang='lat' dir='ltr'>secretis,</span> <span class='ocrx_word' id='word_1_129' title='bbox 683 666 740 681; x_wconf 84' lang='lat' dir='ltr'>cum</span> <span class='ocrx_word' id='word_1_130' title='bbox 759 658 898 681; x_wconf 83' lang='lat' dir='ltr'>adinvicem</span> <span class='ocrx_word' id='word_1_131' title='bbox 916 658 1079 681; x_wconf 86' lang='lat' dir='ltr'>habuerimus</span> <span class='ocrx_word' id='word_1_132' title='bbox 1097 658 1170 681; x_wconf 84' lang='lat' dir='ltr'>collo-</span> 
     </span>
     <span class='ocr_line' id='line_1_15' title="bbox 105 690 1171 728; baseline -0.001 -14"><span class='ocrx_word' id='word_1_133' title='bbox 105 691 195 721; x_wconf 86' lang='lat' dir='ltr'>quium</span> <span class='ocrx_word' id='word_1_134' title='bbox 208 691 342 728; x_wconf 80' lang='lat' dir='ltr'>personale.</span> <span class='ocrx_word' id='word_1_135' title='bbox 373 691 425 714; x_wconf 87' lang='lat' dir='ltr'>Nec</span> <span class='ocrx_word' id='word_1_136' title='bbox 434 691 515 721; x_wconf 86' lang='lat' dir='ltr'>placet</span> <span class='ocrx_word' id='word_1_137' title='bbox 524 693 569 714; x_wconf 73' lang='lat' dir='ltr'>aut</span> <span class='ocrx_word' id='word_1_138' title='bbox 577 691 684 721; x_wconf 73' lang='lat' dir='ltr'>placebit</span> <span class='ocrx_word' id='word_1_139' title='bbox 693 690 765 714; x_wconf 80' lang='lat' dir='ltr'>nobis</span> <span class='ocrx_word' id='word_1_140' title='bbox 777 691 844 721; x_wconf 85' lang='lat' dir='ltr'>quod</span> <span class='ocrx_word' id='word_1_141' title='bbox 855 691 932 714; x_wconf 83' lang='lat' dir='ltr'>tercia</span> <span class='ocrx_word' id='word_1_142' title='bbox 939 699 1044 721; x_wconf 86' lang='lat' dir='ltr'>persona</span> <span class='ocrx_word' id='word_1_143' title='bbox 1052 691 1117 714; x_wconf 88' lang='lat' dir='ltr'>inter</span> <span class='ocrx_word' id='word_1_144' title='bbox 1126 698 1171 713; x_wconf 87' lang='lat' dir='ltr'>nos</span> 
     </span>
     <span class='ocr_line' id='line_1_16' title="bbox 103 723 1168 754; baseline 0 -8"><span class='ocrx_word' id='word_1_145' title='bbox 103 731 178 754; x_wconf 83' lang='lat' dir='ltr'>super</span> <span class='ocrx_word' id='word_1_146' title='bbox 188 723 235 746; x_wconf 87' lang='lat' dir='ltr'>&#39;niis</span> <span class='ocrx_word' id='word_1_147' title='bbox 244 731 274 747; x_wconf 86' lang='lat' dir='ltr'>ex</span> <span class='ocrx_word' id='word_1_148' title='bbox 287 723 413 754; x_wconf 82' lang='lat' dir='ltr'>preteritis</span> <span class='ocrx_word' id='word_1_149' title='bbox 426 724 505 747; x_wconf 78' lang='lat' dir='ltr'>causis</span> <span class='ocrx_word' id='word_1_150' title='bbox 517 724 659 746; x_wconf 73' lang='lat' dir='ltr'>advocetur.</span> <span class='ocrx_word' id='word_1_151' title='bbox 696 724 788 752; x_wconf 86' lang='lat' dir='ltr'>Cesset,</span> <span class='ocrx_word' id='word_1_152' title='bbox 801 723 886 754; x_wconf 84' lang='lat' dir='ltr'>igitur,</span> <span class='ocrx_word' id='word_1_153' title='bbox 899 723 1009 753; x_wconf 77' lang='lat' dir='ltr'>intelim‚</span> <span class='ocrx_word' id='word_1_154' title='bbox 1022 731 1168 753; x_wconf 80' lang='lat' dir='ltr'>quesumus,</span> 
     </span>
     <span class='ocr_line' id='line_1_17' title="bbox 103 755 1169 787; baseline 0 -8"><span class='ocrx_word' id='word_1_155' title='bbox 103 756 243 786; x_wconf 85' lang='lat' dir='ltr'>disputacio</span> <span class='ocrx_word' id='word_1_156' title='bbox 255 756 412 787; x_wconf 75' lang='lat' dir='ltr'>supradicta;</span> <span class='ocrx_word' id='word_1_157' title='bbox 426 758 452 779; x_wconf 84' lang='lat' dir='ltr'>et</span> <span class='ocrx_word' id='word_1_158' title='bbox 464 758 532 784; x_wconf 85' lang='lat' dir='ltr'>tunc,</span> <span class='ocrx_word' id='word_1_159' title='bbox 546 764 604 779; x_wconf 85' lang='lat' dir='ltr'>cum</span> <span class='ocrx_word' id='word_1_160' title='bbox 614 755 740 786; x_wconf 79' lang='lat' dir='ltr'>adjutorio</span> <span class='ocrx_word' id='word_1_161' title='bbox 754 756 807 785; x_wconf 91' lang='lat' dir='ltr'>Dei</span> <span class='ocrx_word' id='word_1_162' title='bbox 817 756 937 786; x_wconf 78' lang='lat' dir='ltr'>quicquid</span> <span class='ocrx_word' id='word_1_163' title='bbox 951 756 1036 779; x_wconf 84' lang='lat' dir='ltr'>(licant</span> <span class='ocrx_word' id='word_1_164' title='bbox 1048 756 1169 784; x_wconf 80' lang='lat' dir='ltr'>homiues</span> 
     </span>
     <span class='ocr_line' id='line_1_18' title="bbox 105 774 1171 819; baseline 0 -7"><span class='ocrx_word' id='word_1_165' title='bbox 105 789 197 812; x_wconf 67' lang='lat' dir='ltr'>mimus</span> <span class='ocrx_word' id='word_1_166' title='bbox 216 789 291 812; x_wconf 90' lang='lat' dir='ltr'>unius</span> <span class='ocrx_word' id='word_1_167' title='bbox 306 791 396 812; x_wconf 81' lang='lat' dir='ltr'>mutue</span> <span class='ocrx_word' id='word_1_168' title='bbox 411 775 558 812; x_wconf 82' lang='lat' dir='ltr'>voluntatis.</span> <span class='ocrx_word' id='word_1_169' title='bbox 593 789 740 812; x_wconf 84' lang='lat' dir='ltr'>Altissimus</span> <span class='ocrx_word' id='word_1_170' title='bbox 756 796 800 812; x_wconf 89' lang='lat' dir='ltr'>vos</span> <span class='ocrx_word' id='word_1_171' title='bbox 812 791 942 812; x_wconf 83' lang='lat' dir='ltr'>conservet</span> <span class='ocrx_word' id='word_1_172' title='bbox 954 789 1090 812; x_wconf 78' lang='lat' dir='ltr'>l—-Datum</span> <span class='ocrx_word' id='word_1_173' title='bbox 1103 774 1171 819; x_wconf 75' lang='lat' dir='ltr'>apud</span> 
     </span>
     <span class='ocr_line' id='line_1_19' title="bbox 106 821 581 852; baseline 0 -8"><span class='ocrx_word' id='word_1_174' title='bbox 106 821 238 852; x_wconf 85' lang='lat' dir='ltr'>Horslegh,</span> <span class='ocrx_word' id='word_1_175' title='bbox 252 829 303 845; x_wconf 91' lang='lat' dir='ltr'>xxx</span> <span class='ocrx_word' id='word_1_176' title='bbox 315 821 355 844; x_wconf 91' lang='lat' dir='ltr'>die</span> <span class='ocrx_word' id='word_1_177' title='bbox 368 821 467 852; x_wconf 85' lang='lat' dir='ltr'>Aprilis</span> <span class='ocrx_word' id='word_1_178' title='bbox 471 821 547 844; x_wconf 80' lang='lat' dir='ltr'>—fol.</span> <span class='ocrx_word' id='word_1_179' title='bbox 562 823 581 845; x_wconf 88' lang='lat'>4.</span> 
     </span>
    </p>
   </div>
   <div class='ocr_carea' id='block_1_4' title="bbox 74 870 1172 1163">
    <p class='ocr_par' dir='ltr' id='par_1_5' title="bbox 74 870 1172 1163">
     <span class='ocr_line' id='line_1_20' title="bbox 138 870 1048 901; baseline 0 -7"><span class='ocrx_word' id='word_1_180' title='bbox 138 870 221 895; x_wconf 70' lang='lat' dir='ltr'>Litora</span> <span class='ocrx_word' id='word_1_181' title='bbox 233 871 324 895; x_wconf 70' lang='lat' dir='ltr'>directa</span> <span class='ocrx_word' id='word_1_182' title='bbox 339 871 450 895; x_wconf 81' lang='lat' dir='ltr'>Dominis</span> <span class='ocrx_word' id='word_1_183' title='bbox 464 870 550 894; x_wconf 74' lang='lat' dir='ltr'>leome</span> <span class='ocrx_word' id='word_1_184' title='bbox 561 870 590 894; x_wconf 81' lang='lat' dir='ltr'>cle</span> <span class='ocrx_word' id='word_1_185' title='bbox 602 870 632 893; x_wconf 86' lang='lat' dir='ltr'><em>H</em></span> <span class='ocrx_word' id='word_1_186' title='bbox 632 874 714 894; x_wconf 64' lang='lat' dir='ltr'>antone</span> <span class='ocrx_word' id='word_1_187' title='bbox 726 870 760 894; x_wconf 75' lang='lat' dir='ltr'>rel</span> <span class='ocrx_word' id='word_1_188' title='bbox 771 870 884 894; x_wconf 62' lang='lat' dir='ltr'>Jolzamzi</span> <span class='ocrx_word' id='word_1_189' title='bbox 898 871 1048 901; x_wconf 68' lang='lat' dir='ltr'>Toyllcroz—</span> 
     </span>
     <span class='ocr_line' id='line_1_21' title="bbox 74 903 1171 934; baseline 0 -7"><span class='ocrx_word' id='word_1_190' title='bbox 74 904 189 928; x_wconf 78' lang='lat' dir='ltr'>Salutem</span> <span class='ocrx_word' id='word_1_191' title='bbox 202 911 279 934; x_wconf 85' lang='lat' dir='ltr'>quam</span> <span class='ocrx_word' id='word_1_192' title='bbox 291 903 448 932; x_wconf 82' lang='lat' dir='ltr'>sibi.——Quia</span> <span class='ocrx_word' id='word_1_193' title='bbox 461 904 576 927; x_wconf 87' lang='lat' dir='ltr'>dedimus</span> <span class='ocrx_word' id='word_1_194' title='bbox 588 903 717 927; x_wconf 78' lang='lat' dir='ltr'>karissimo</span> <span class='ocrx_word' id='word_1_195' title='bbox 735 903 814 927; x_wconf 87' lang='lat' dir='ltr'>amico</span> <span class='ocrx_word' id='word_1_196' title='bbox 832 906 924 933; x_wconf 85' lang='lat' dir='ltr'>nostro,</span> <span class='ocrx_word' id='word_1_197' title='bbox 938 904 1046 927; x_wconf 85' lang='lat' dir='ltr'>Domino</span> <span class='ocrx_word' id='word_1_198' title='bbox 1060 903 1171 927; x_wconf 83' lang='lat' dir='ltr'>Johanni</span> 
     </span>
     <span class='ocr_line' id='line_1_22' title="bbox 105 936 1171 966; baseline 0 -7"><span class='ocrx_word' id='word_1_199' title='bbox 105 937 136 960; x_wconf 83' lang='lat' dir='ltr'>de</span> <span class='ocrx_word' id='word_1_200' title='bbox 157 937 290 966; x_wconf 81' lang='lat' dir='ltr'>Banstede,</span> <span class='ocrx_word' id='word_1_201' title='bbox 312 936 399 960; x_wconf 87' lang='lat' dir='ltr'>clerico</span> <span class='ocrx_word' id='word_1_202' title='bbox 419 936 521 959; x_wconf 86' lang='lat' dir='ltr'>Domini</span> <span class='ocrx_word' id='word_1_203' title='bbox 542 936 622 966; x_wconf 77' lang='lat' dir='ltr'>Regis,</span> <span class='ocrx_word' id='word_1_204' title='bbox 642 939 751 966; x_wconf 84' lang='lat' dir='ltr'>quatuor</span> <span class='ocrx_word' id='word_1_205' title='bbox 773 936 872 960; x_wconf 80' lang='lat' dir='ltr'>arbores</span> <span class='ocrx_word' id='word_1_206' title='bbox 894 937 920 960; x_wconf 90' lang='lat' dir='ltr'>in</span> <span class='ocrx_word' id='word_1_207' title='bbox 940 937 1013 960; x_wconf 82' lang='lat' dir='ltr'>bosco</span> <span class='ocrx_word' id='word_1_208' title='bbox 1034 938 1119 959; x_wconf 85' lang='lat' dir='ltr'>nostro</span> <span class='ocrx_word' id='word_1_209' title='bbox 1140 937 1171 959; x_wconf 87' lang='lat' dir='ltr'>de</span> 
     </span>
     <span class='ocr_line' id='line_1_23' title="bbox 106 968 1172 1000; baseline 0 -8"><span class='ocrx_word' id='word_1_210' title='bbox 106 969 293 999; x_wconf 78' lang='lat' dir='ltr'>Chuddelcglie,</span> <span class='ocrx_word' id='word_1_211' title='bbox 314 977 358 999; x_wconf 85' lang='lat' dir='ltr'>pro</span> <span class='ocrx_word' id='word_1_212' title='bbox 379 969 498 992; x_wconf 87' lang='lat' dir='ltr'>meremio</span> <span class='ocrx_word' id='word_1_213' title='bbox 516 969 547 992; x_wconf 84' lang='lat' dir='ltr'>ad</span> <span class='ocrx_word' id='word_1_214' title='bbox 569 968 664 992; x_wconf 69' lang='lat' dir='ltr'>edificia</span> <span class='ocrx_word' id='word_1_215' title='bbox 685 977 730 992; x_wconf 83' lang='lat' dir='ltr'>sua</span> <span class='ocrx_word' id='word_1_216' title='bbox 751 969 782 992; x_wconf 88' lang='lat' dir='ltr'>de</span> <span class='ocrx_word' id='word_1_217' title='bbox 806 969 980 1000; x_wconf 76' lang='lat' dir='ltr'>Ermyugtone</span> <span class='ocrx_word' id='word_1_218' title='bbox 1003 969 1172 993; x_wconf 74' lang='lat' dir='ltr'>construenda</span> 
     </span>
     <span class='ocr_line' id='line_1_24' title="bbox 105 1001 1170 1032; baseline 0 -7"><span class='ocrx_word' id='word_1_219' title='bbox 105 1004 283 1032; x_wconf 77' lang='lat' dir='ltr'>competentes,</span> <span class='ocrx_word' id='word_1_220' title='bbox 297 1009 340 1024; x_wconf 89' lang='lat' dir='ltr'>vos</span> <span class='ocrx_word' id='word_1_221' title='bbox 352 1010 468 1032; x_wconf 65' lang='lat' dir='ltr'>rogamus</span> <span class='ocrx_word' id='word_1_222' title='bbox 480 1001 600 1032; x_wconf 76' lang='lat' dir='ltr'>quatinus</span> <span class='ocrx_word' id='word_1_223' title='bbox 613 1009 656 1031; x_wconf 82' lang='lat' dir='ltr'>per</span> <span class='ocrx_word' id='word_1_224' title='bbox 674 1009 716 1024; x_wconf 88' lang='lat' dir='ltr'>vos</span> <span class='ocrx_word' id='word_1_225' title='bbox 732 1001 771 1024; x_wconf 80' lang='lat' dir='ltr'>vel</span> <span class='ocrx_word' id='word_1_226' title='bbox 787 1002 895 1025; x_wconf 84' lang='lat' dir='ltr'>alterum</span> <span class='ocrx_word' id='word_1_227' title='bbox 907 1004 1028 1031; x_wconf 83' lang='lat' dir='ltr'>vestrum,</span> <span class='ocrx_word' id='word_1_228' title='bbox 1041 1002 1080 1025; x_wconf 89' lang='lat' dir='ltr'>vel</span> <span class='ocrx_word' id='word_1_229' title='bbox 1092 1002 1170 1025; x_wconf 82' lang='lat' dir='ltr'>alium</span> 
     </span>
     <span class='ocr_line' id='line_1_25' title="bbox 105 1033 1171 1065; baseline -0.001 -7"><span class='ocrx_word' id='word_1_230' title='bbox 105 1035 137 1058; x_wconf 83' lang='lat' dir='ltr'>de</span> <span class='ocrx_word' id='word_1_231' title='bbox 160 1042 210 1065; x_wconf 88' lang='lat' dir='ltr'>quo</span> <span class='ocrx_word' id='word_1_232' title='bbox 233 1033 365 1063; x_wconf 83' lang='lat' dir='ltr'>confiditis,</span> <span class='ocrx_word' id='word_1_233' title='bbox 387 1034 535 1064; x_wconf 83' lang='lat' dir='ltr'>hujusmodi</span> <span class='ocrx_word' id='word_1_234' title='bbox 555 1034 654 1057; x_wconf 82' lang='lat' dir='ltr'>arbores</span> <span class='ocrx_word' id='word_1_235' title='bbox 677 1034 754 1057; x_wconf 83' lang='lat' dir='ltr'>bonas</span> <span class='ocrx_word' id='word_1_236' title='bbox 775 1034 828 1062; x_wconf 82' lang='lat' dir='ltr'>sibi,</span> <span class='ocrx_word' id='word_1_237' title='bbox 848 1034 887 1057; x_wconf 89' lang='lat' dir='ltr'>vel</span> <span class='ocrx_word' id='word_1_238' title='bbox 907 1034 980 1058; x_wconf 79' lang='lat' dir='ltr'>alteri</span> <span class='ocrx_word' id='word_1_239' title='bbox 1003 1042 1048 1057; x_wconf 88' lang='lat' dir='ltr'>suo</span> <span class='ocrx_word' id='word_1_240' title='bbox 1070 1034 1171 1057; x_wconf 87' lang='lat' dir='ltr'>nomine</span> 
     </span>
     <span class='ocr_line' id='line_1_26' title="bbox 106 1066 1170 1098; baseline 0 -8"><span class='ocrx_word' id='word_1_241' title='bbox 106 1069 232 1098; x_wconf 80' lang='lat' dir='ltr'>presentes</span> <span class='ocrx_word' id='word_1_242' title='bbox 245 1067 340 1090; x_wconf 79' lang='lat' dir='ltr'>Literas</span> <span class='ocrx_word' id='word_1_243' title='bbox 358 1067 487 1095; x_wconf 82' lang='lat' dir='ltr'>deferenti,</span> <span class='ocrx_word' id='word_1_244' title='bbox 501 1066 599 1089; x_wconf 79' lang='lat' dir='ltr'>liberari</span> <span class='ocrx_word' id='word_1_245' title='bbox 614 1066 719 1089; x_wconf 78' lang='lat' dir='ltr'>faciatis.</span> <span class='ocrx_word' id='word_1_246' title='bbox 755 1066 856 1090; x_wconf 80' lang='lat' dir='ltr'>Proviso</span> <span class='ocrx_word' id='word_1_247' title='bbox 874 1075 971 1097; x_wconf 82' lang='lat' dir='ltr'>semper</span> <span class='ocrx_word' id='word_1_248' title='bbox 987 1068 1055 1097; x_wconf 87' lang='lat' dir='ltr'>quod</span> <span class='ocrx_word' id='word_1_249' title='bbox 1071 1067 1170 1090; x_wconf 79' lang='lat' dir='ltr'>arbores</span> 
     </span>
     <span class='ocr_line' id='line_1_27' title="bbox 106 1099 1172 1130; baseline -0.001 -7"><span class='ocrx_word' id='word_1_250' title='bbox 106 1100 137 1123; x_wconf 82' lang='lat' dir='ltr'>ad</span> <span class='ocrx_word' id='word_1_251' title='bbox 150 1099 298 1123; x_wconf 87' lang='lat' dir='ltr'>meremium</span> <span class='ocrx_word' id='word_1_252' title='bbox 311 1107 355 1129; x_wconf 81' lang='lat' dir='ltr'>pro</span> <span class='ocrx_word' id='word_1_253' title='bbox 368 1099 470 1122; x_wconf 84' lang='lat' dir='ltr'>Fabrica</span> <span class='ocrx_word' id='word_1_254' title='bbox 482 1099 547 1122; x_wconf 85' lang='lat' dir='ltr'>Novi</span> <span class='ocrx_word' id='word_1_255' title='bbox 558 1099 644 1129; x_wconf 85' lang='lat' dir='ltr'>Operis</span> <span class='ocrx_word' id='word_1_256' title='bbox 654 1099 802 1122; x_wconf 83' lang='lat' dir='ltr'>Exoniensis</span> <span class='ocrx_word' id='word_1_257' title='bbox 814 1099 905 1129; x_wconf 81' lang='lat' dir='ltr'>signati</span> <span class='ocrx_word' id='word_1_258' title='bbox 916 1102 1063 1123; x_wconf 75' lang='lat' dir='ltr'>remaneant</span> <span class='ocrx_word' id='word_1_259' title='bbox 1074 1107 1172 1130; x_wconf 84' lang='lat' dir='ltr'>semper</span> 
     </span>
     <span class='ocr_line' id='line_1_28' title="bbox 106 1131 1171 1163; baseline 0 -7"><span class='ocrx_word' id='word_1_260' title='bbox 106 1132 174 1156; x_wconf 81' lang='lat' dir='ltr'>salvi.</span> <span class='ocrx_word' id='word_1_261' title='bbox 199 1132 428 1156; x_wconf 75' lang='lat' dir='ltr'>Valete!—Datum</span> <span class='ocrx_word' id='word_1_262' title='bbox 438 1132 505 1162; x_wconf 82' lang='lat' dir='ltr'>apud</span> <span class='ocrx_word' id='word_1_263' title='bbox 516 1131 673 1162; x_wconf 75' lang='lat' dir='ltr'>Stockwylle,</span> <span class='ocrx_word' id='word_1_264' title='bbox 682 1132 756 1162; x_wconf 78' lang='lat' dir='ltr'>juxta</span> <span class='ocrx_word' id='word_1_265' title='bbox 767 1132 915 1159; x_wconf 78' lang='lat' dir='ltr'>Londonias,</span> <span class='ocrx_word' id='word_1_266' title='bbox 926 1132 961 1163; x_wconf 87' lang='lat' dir='ltr'>iiij</span> <span class='ocrx_word' id='word_1_267' title='bbox 973 1132 1013 1155; x_wconf 84' lang='lat' dir='ltr'>die</span> <span class='ocrx_word' id='word_1_268' title='bbox 1023 1132 1082 1156; x_wconf 71' lang='lat' dir='ltr'>Maii</span> <span class='ocrx_word' id='word_1_269' title='bbox 1093 1140 1099 1161; x_wconf 81' lang='lat'><em>3</em></span> <span class='ocrx_word' id='word_1_270' title='bbox 1112 1131 1171 1156; x_wconf 75' lang='lat' dir='ltr'>ibid.</span> 
     </span>
    </p>
   </div>
   <div class='ocr_carea' id='block_1_5' title="bbox 75 1184 1173 1510">
    <p class='ocr_par' dir='ltr' id='par_1_6' title="bbox 75 1184 1173 1510">
     <span class='ocr_line' id='line_1_29' title="bbox 140 1184 1041 1214; baseline 0 -6"><span class='ocrx_word' id='word_1_271' title='bbox 140 1185 223 1208; x_wconf 69' lang='lat' dir='ltr'>Litora</span> <span class='ocrx_word' id='word_1_272' title='bbox 237 1185 331 1209; x_wconf 70' lang='lat' dir='ltr'>directa</span> <span class='ocrx_word' id='word_1_273' title='bbox 347 1185 452 1208; x_wconf 72' lang='lat' dir='ltr'>Domino</span> <span class='ocrx_word' id='word_1_274' title='bbox 471 1184 583 1209; x_wconf 73' lang='lat' dir='ltr'>Johanm&#39;</span> <span class='ocrx_word' id='word_1_275' title='bbox 600 1184 709 1214; x_wconf 42' lang='lat' dir='ltr'>Serranae,</span> <span class='ocrx_word' id='word_1_276' title='bbox 724 1184 845 1209; x_wconf 66' lang='lat' dir='ltr'>canonico</span> <span class='ocrx_word' id='word_1_277' title='bbox 861 1185 1041 1209; x_wconf 58' lang='lat' dir='ltr'>Emmaus-i:—</span> 
     </span>
     <span class='ocr_line' id='line_1_30' title="bbox 75 1217 1171 1248; baseline 0 -7"><span class='ocrx_word' id='word_1_278' title='bbox 75 1217 195 1246; x_wconf 75' lang='lat' dir='ltr'>Salutem,</span> <span class='ocrx_word' id='word_1_279' title='bbox 218 1218 434 1241; x_wconf 62' lang='lat' dir='ltr'>etc--Intelleeto</span> <span class='ocrx_word' id='word_1_280' title='bbox 457 1218 523 1248; x_wconf 89' lang='lat' dir='ltr'>quod</span> <span class='ocrx_word' id='word_1_281' title='bbox 545 1217 571 1240; x_wconf 93' lang='lat' dir='ltr'>in</span> <span class='ocrx_word' id='word_1_282' title='bbox 595 1217 719 1240; x_wconf 84' lang='lat' dir='ltr'>creacione</span> <span class='ocrx_word' id='word_1_283' title='bbox 740 1217 804 1241; x_wconf 81' lang='lat' dir='ltr'>boue</span> <span class='ocrx_word' id='word_1_284' title='bbox 827 1218 945 1241; x_wconf 79' lang='lat' dir='ltr'>memorie</span> <span class='ocrx_word' id='word_1_285' title='bbox 963 1218 1065 1241; x_wconf 88' lang='lat' dir='ltr'>Domini</span> <span class='ocrx_word' id='word_1_286' title='bbox 1085 1218 1171 1247; x_wconf 78' lang='lat' dir='ltr'>nostri,</span> 
     </span>
     <span class='ocr_line' id='line_1_31' title="bbox 108 1250 1173 1281; baseline 0.001 -8"><span class='ocrx_word' id='word_1_287' title='bbox 108 1250 209 1273; x_wconf 89' lang='lat' dir='ltr'>Domini</span> <span class='ocrx_word' id='word_1_288' title='bbox 219 1250 320 1279; x_wconf 82' lang='lat' dir='ltr'>Thome,</span> <span class='ocrx_word' id='word_1_289' title='bbox 334 1250 380 1273; x_wconf 83' lang='lat' dir='ltr'>Dei</span> <span class='ocrx_word' id='word_1_290' title='bbox 393 1250 474 1281; x_wconf 80' lang='lat' dir='ltr'>gracia</span> <span class='ocrx_word' id='word_1_291' title='bbox 488 1250 637 1273; x_wconf 85' lang='lat' dir='ltr'>Exoniensis</span> <span class='ocrx_word' id='word_1_292' title='bbox 654 1250 777 1280; x_wconf 82' lang='lat' dir='ltr'>Episcopi,</span> <span class='ocrx_word' id='word_1_293' title='bbox 792 1250 899 1280; x_wconf 77' lang='lat' dir='ltr'>graciam</span> <span class='ocrx_word' id='word_1_294' title='bbox 916 1250 1024 1274; x_wconf 87' lang='lat' dir='ltr'>Domino</span> <span class='ocrx_word' id='word_1_295' title='bbox 1038 1251 1099 1281; x_wconf 82' lang='lat' dir='ltr'>Regi</span> <span class='ocrx_word' id='word_1_296' title='bbox 1111 1253 1173 1274; x_wconf 84' lang='lat' dir='ltr'>tunc</span> 
     </span>
     <span class='ocr_line' id='line_1_32' title="bbox 108 1283 1173 1313; baseline 0 -7"><span class='ocrx_word' id='word_1_297' title='bbox 108 1283 228 1313; x_wconf 85' lang='lat' dir='ltr'>temporis</span> <span class='ocrx_word' id='word_1_298' title='bbox 257 1283 441 1313; x_wconf 80' lang='lat' dir='ltr'>quodammodo</span> <span class='ocrx_word' id='word_1_299' title='bbox 470 1283 582 1306; x_wconf 78' lang='lat' dir='ltr'>debitam</span> <span class='ocrx_word' id='word_1_300' title='bbox 611 1290 685 1311; x_wconf 83' lang='lat' dir='ltr'>super</span> <span class='ocrx_word' id='word_1_301' title='bbox 713 1283 871 1312; x_wconf 84' lang='lat' dir='ltr'>promocione</span> <span class='ocrx_word' id='word_1_302' title='bbox 894 1286 977 1306; x_wconf 77' lang='lat' dir='ltr'>vestra</span> <span class='ocrx_word' id='word_1_303' title='bbox 999 1283 1024 1307; x_wconf 89' lang='lat' dir='ltr'>in</span> <span class='ocrx_word' id='word_1_304' title='bbox 1048 1283 1173 1307; x_wconf 83' lang='lat' dir='ltr'>Beneficio</span> 
     </span>
     <span class='ocr_line' id='line_1_33' title="bbox 108 1315 1173 1346; baseline 0.001 -8"><span class='ocrx_word' id='word_1_305' title='bbox 108 1315 280 1339; x_wconf 80' lang='lat' dir='ltr'>Ecclesiastico</span> <span class='ocrx_word' id='word_1_306' title='bbox 292 1315 430 1343; x_wconf 78' lang='lat' dir='ltr'>habebatis,</span> <span class='ocrx_word' id='word_1_307' title='bbox 447 1323 490 1338; x_wconf 86' lang='lat' dir='ltr'>vos</span> <span class='ocrx_word' id='word_1_308' title='bbox 507 1323 623 1346; x_wconf 85' lang='lat' dir='ltr'>rogamus</span> <span class='ocrx_word' id='word_1_309' title='bbox 643 1315 763 1345; x_wconf 78' lang='lat' dir='ltr'>quatinus</span> <span class='ocrx_word' id='word_1_310' title='bbox 780 1315 922 1346; x_wconf 85' lang='lat' dir='ltr'>cujusmodi</span> <span class='ocrx_word' id='word_1_311' title='bbox 938 1316 1090 1339; x_wconf 87' lang='lat' dir='ltr'>Beneficium</span> <span class='ocrx_word' id='word_1_312' title='bbox 1103 1316 1173 1339; x_wconf 77' lang='lat' dir='ltr'>vobis</span> 
     </span>
     <span class='ocr_line' id='line_1_34' title="bbox 109 1348 1172 1379; baseline 0.001 -8"><span class='ocrx_word' id='word_1_313' title='bbox 109 1356 137 1371; x_wconf 86' lang='lat' dir='ltr'>ea</span> <span class='ocrx_word' id='word_1_314' title='bbox 154 1348 280 1371; x_wconf 81' lang='lat' dir='ltr'>occasione</span> <span class='ocrx_word' id='word_1_315' title='bbox 297 1348 417 1371; x_wconf 81' lang='lat' dir='ltr'>collatum</span> <span class='ocrx_word' id='word_1_316' title='bbox 435 1348 527 1376; x_wconf 78' lang='lat' dir='ltr'>fuerat,</span> <span class='ocrx_word' id='word_1_317' title='bbox 546 1351 572 1371; x_wconf 86' lang='lat' dir='ltr'>et</span> <span class='ocrx_word' id='word_1_318' title='bbox 589 1348 609 1371; x_wconf 80' lang='lat' dir='ltr'>si</span> <span class='ocrx_word' id='word_1_319' title='bbox 626 1348 736 1378; x_wconf 84' lang='lat' dir='ltr'>aliquam</span> <span class='ocrx_word' id='word_1_320' title='bbox 755 1348 903 1371; x_wconf 87' lang='lat' dir='ltr'>Pensionem</span> <span class='ocrx_word' id='word_1_321' title='bbox 925 1357 1004 1379; x_wconf 85' lang='lat' dir='ltr'>usque</span> <span class='ocrx_word' id='word_1_322' title='bbox 1025 1349 1057 1372; x_wconf 72' lang='lat' dir='ltr'>acl</span> <span class='ocrx_word' id='word_1_323' title='bbox 1076 1357 1172 1372; x_wconf 76' lang='lat' dir='ltr'>assecu-</span> 
     </span>
     <span class='ocr_line' id='line_1_35' title="bbox 109 1380 1173 1412; baseline 0 -8"><span class='ocrx_word' id='word_1_324' title='bbox 109 1381 205 1404; x_wconf 86' lang='lat' dir='ltr'>cionem</span> <span class='ocrx_word' id='word_1_325' title='bbox 223 1381 369 1411; x_wconf 81' lang='lat' dir='ltr'>hujusmodi</span> <span class='ocrx_word' id='word_1_326' title='bbox 388 1381 505 1404; x_wconf 88' lang='lat' dir='ltr'>Beneficii</span> <span class='ocrx_word' id='word_1_327' title='bbox 521 1380 651 1409; x_wconf 81' lang='lat' dir='ltr'>habuistis,</span> <span class='ocrx_word' id='word_1_328' title='bbox 673 1383 705 1410; x_wconf 85' lang='lat' dir='ltr'>et,</span> <span class='ocrx_word' id='word_1_329' title='bbox 724 1380 744 1403; x_wconf 84' lang='lat' dir='ltr'>si</span> <span class='ocrx_word' id='word_1_330' title='bbox 762 1381 802 1409; x_wconf 78' lang='lat' dir='ltr'>sit,</span> <span class='ocrx_word' id='word_1_331' title='bbox 821 1383 950 1411; x_wconf 78' lang='lat' dir='ltr'>quantam,</span> <span class='ocrx_word' id='word_1_332' title='bbox 964 1389 1008 1404; x_wconf 88' lang='lat' dir='ltr'>nos</span> <span class='ocrx_word' id='word_1_333' title='bbox 1025 1389 1069 1412; x_wconf 78' lang='lat' dir='ltr'>per</span> <span class='ocrx_word' id='word_1_334' title='bbox 1089 1382 1173 1405; x_wconf 85' lang='lat' dir='ltr'>literas</span> 
     </span>
     <span class='ocr_line' id='line_1_36' title="bbox 110 1413 1172 1444; baseline 0.001 -8"><span class='ocrx_word' id='word_1_335' title='bbox 110 1416 204 1436; x_wconf 82' lang='lat' dir='ltr'>vestras</span> <span class='ocrx_word' id='word_1_336' title='bbox 217 1413 299 1437; x_wconf 80' lang='lat' dir='ltr'>velitis</span> <span class='ocrx_word' id='word_1_337' title='bbox 316 1413 419 1436; x_wconf 87' lang='lat' dir='ltr'>indilate</span> <span class='ocrx_word' id='word_1_338' title='bbox 436 1414 539 1436; x_wconf 84' lang='lat' dir='ltr'>reddere</span> <span class='ocrx_word' id='word_1_339' title='bbox 555 1413 672 1436; x_wconf 82' lang='lat' dir='ltr'>cerciores</span> <span class='ocrx_word' id='word_1_340' title='bbox 685 1422 690 1442; x_wconf 89' lang='grc'><strong>;</strong></span> <span class='ocrx_word' id='word_1_341' title='bbox 708 1413 871 1441; x_wconf 76' lang='lat' dir='ltr'>intendimus,</span> <span class='ocrx_word' id='word_1_342' title='bbox 885 1414 959 1441; x_wconf 85' lang='lat' dir='ltr'>enim,</span> <span class='ocrx_word' id='word_1_343' title='bbox 973 1422 1017 1437; x_wconf 86' lang='lat' dir='ltr'>nos</span> <span class='ocrx_word' id='word_1_344' title='bbox 1033 1422 1107 1444; x_wconf 81' lang='lat' dir='ltr'>super</span> <span class='ocrx_word' id='word_1_345' title='bbox 1119 1414 1172 1443; x_wconf 86' lang='lat' dir='ltr'>hoc,</span> 
     </span>
     <span class='ocr_line' id='line_1_37' title="bbox 110 1446 1169 1476; baseline 0.001 -7"><span class='ocrx_word' id='word_1_346' title='bbox 110 1448 234 1476; x_wconf 83' lang='lat' dir='ltr'>quatenus</span> <span class='ocrx_word' id='word_1_347' title='bbox 246 1446 365 1469; x_wconf 79' lang='lat' dir='ltr'>moderna</span> <span class='ocrx_word' id='word_1_348' title='bbox 382 1448 494 1476; x_wconf 82' lang='lat' dir='ltr'>tempora</span> <span class='ocrx_word' id='word_1_349' title='bbox 509 1446 669 1474; x_wconf 76' lang='lat' dir='ltr'>permittunt,</span> <span class='ocrx_word' id='word_1_350' title='bbox 682 1446 774 1469; x_wconf 85' lang='lat' dir='ltr'>nostris</span> <span class='ocrx_word' id='word_1_351' title='bbox 787 1446 1004 1470; x_wconf 73' lang='lat' dir='ltr'>predecessoribus</span> <span class='ocrx_word' id='word_1_352' title='bbox 1016 1446 1169 1470; x_wconf 74' lang='lat' dir='ltr'>confirmare.</span> 
     </span>
     <span class='ocr_line' id='line_1_38' title="bbox 111 1478 1095 1510; baseline 0.001 -8"><span class='ocrx_word' id='word_1_353' title='bbox 111 1478 255 1502; x_wconf 88' lang='lat' dir='ltr'>Altissimus</span> <span class='ocrx_word' id='word_1_354' title='bbox 268 1486 311 1502; x_wconf 88' lang='lat' dir='ltr'>vos</span> <span class='ocrx_word' id='word_1_355' title='bbox 323 1479 593 1502; x_wconf 65' lang='lat' dir='ltr'>conservem—Datum</span> <span class='ocrx_word' id='word_1_356' title='bbox 605 1478 672 1509; x_wconf 81' lang='lat' dir='ltr'>apud</span> <span class='ocrx_word' id='word_1_357' title='bbox 686 1478 835 1508; x_wconf 80' lang='lat' dir='ltr'>Stockwille,</span> <span class='ocrx_word' id='word_1_358' title='bbox 847 1479 874 1509; x_wconf 87' lang='lat' dir='ltr'>iij</span> <span class='ocrx_word' id='word_1_359' title='bbox 889 1479 928 1502; x_wconf 88' lang='lat' dir='ltr'>die</span> <span class='ocrx_word' id='word_1_360' title='bbox 942 1479 999 1502; x_wconf 84' lang='lat' dir='ltr'>Maii</span> <span class='ocrx_word' id='word_1_361' title='bbox 1012 1488 1018 1510; x_wconf 87' lang='lat'>;</span> <span class='ocrx_word' id='word_1_362' title='bbox 1036 1479 1095 1503; x_wconf 69' lang='lat' dir='ltr'>ibid.</span> 
     </span>
    </p>
   </div>
   <div class='ocr_carea' id='block_1_6' title="bbox 78 1530 1174 1661">
    <p class='ocr_par' dir='ltr' id='par_1_7' title="bbox 78 1530 1174 1661">
     <span class='ocr_line' id='line_1_39' title="bbox 143 1530 795 1561; baseline 0.002 -6"><span class='ocrx_word' id='word_1_363' title='bbox 143 1531 226 1556; x_wconf 77' lang='lat' dir='ltr'>Litera</span> <span class='ocrx_word' id='word_1_364' title='bbox 237 1532 329 1556; x_wconf 75' lang='lat' dir='ltr'>directa</span> <span class='ocrx_word' id='word_1_365' title='bbox 341 1531 436 1556; x_wconf 61' lang='grc' dir='ltr'>Κρεῖον-ἰ</span> <span class='ocrx_word' id='word_1_366' title='bbox 448 1530 549 1555; x_wconf 74' lang='lat' dir='ltr'>Ecclesie</span> <span class='ocrx_word' id='word_1_367' title='bbox 560 1531 589 1555; x_wconf 75' lang='lat' dir='ltr'>cle</span> <span class='ocrx_word' id='word_1_368' title='bbox 606 1531 744 1561; x_wconf 67' lang='lat' dir='ltr'>Dorzsforde</span> <span class='ocrx_word' id='word_1_369' title='bbox 755 1541 795 1556; x_wconf 89' lang='lat'>:—</span> 
     </span>
     <span class='ocr_line' id='line_1_40' title="bbox 78 1564 1174 1595; baseline 0.001 -6"><span class='ocrx_word' id='word_1_370' title='bbox 78 1565 174 1589; x_wconf 84' lang='lat' dir='ltr'>Eodem</span> <span class='ocrx_word' id='word_1_371' title='bbox 189 1565 229 1588; x_wconf 85' lang='lat' dir='ltr'>die</span> <span class='ocrx_word' id='word_1_372' title='bbox 246 1564 372 1588; x_wconf 79' lang='lat' dir='ltr'>emanavit</span> <span class='ocrx_word' id='word_1_373' title='bbox 389 1564 523 1587; x_wconf 84' lang='lat' dir='ltr'>consimilis</span> <span class='ocrx_word' id='word_1_374' title='bbox 541 1564 625 1587; x_wconf 84' lang='lat' dir='ltr'>Litera</span> <span class='ocrx_word' id='word_1_375' title='bbox 643 1564 752 1588; x_wconf 87' lang='lat' dir='ltr'>Domino</span> <span class='ocrx_word' id='word_1_376' title='bbox 773 1565 879 1595; x_wconf 80' lang='lat' dir='ltr'>Pagano,</span> <span class='ocrx_word' id='word_1_377' title='bbox 896 1565 995 1589; x_wconf 76' lang='lat' dir='ltr'>Rectmi</span> <span class='ocrx_word' id='word_1_378' title='bbox 1016 1566 1123 1590; x_wconf 84' lang='lat' dir='ltr'>Ecclesie</span> <span class='ocrx_word' id='word_1_379' title='bbox 1143 1567 1174 1590; x_wconf 85' lang='lat' dir='ltr'>de</span> 
     </span>
     <span class='ocr_line' id='line_1_41' title="bbox 111 1597 1174 1630; baseline 0.003 -10"><span class='ocrx_word' id='word_1_380' title='bbox 111 1597 277 1626; x_wconf 82' lang='lat' dir='ltr'>Dounsforde,</span> <span class='ocrx_word' id='word_1_381' title='bbox 287 1598 318 1620; x_wconf 88' lang='lat' dir='ltr'>de</span> <span class='ocrx_word' id='word_1_382' title='bbox 330 1597 405 1621; x_wconf 79' lang='lat' dir='ltr'>veibo</span> <span class='ocrx_word' id='word_1_383' title='bbox 417 1597 448 1620; x_wconf 86' lang='lat' dir='ltr'>ad</span> <span class='ocrx_word' id='word_1_384' title='bbox 461 1597 585 1626; x_wconf 84' lang='lat' dir='ltr'>verbum;</span> <span class='ocrx_word' id='word_1_385' title='bbox 603 1597 649 1620; x_wconf 90' lang='lat' dir='ltr'>hoc</span> <span class='ocrx_word' id='word_1_386' title='bbox 661 1599 772 1627; x_wconf 80' lang='lat' dir='ltr'>excepto</span> <span class='ocrx_word' id='word_1_387' title='bbox 786 1598 854 1628; x_wconf 86' lang='lat' dir='ltr'>quod</span> <span class='ocrx_word' id='word_1_388' title='bbox 874 1598 922 1622; x_wconf 88' lang='lat' dir='ltr'>iste</span> <span class='ocrx_word' id='word_1_389' title='bbox 941 1598 1052 1629; x_wconf 81' lang='lat' dir='ltr'>optinuit</span> <span class='ocrx_word' id='word_1_390' title='bbox 1066 1599 1174 1630; x_wconf 69' lang='lat' dir='ltr'>graciam</span> 
     </span>
     <span class='ocr_line' id='line_1_42' title="bbox 111 1629 912 1661; baseline 0.001 -8"><span class='ocrx_word' id='word_1_391' title='bbox 111 1630 137 1654; x_wconf 89' lang='lat' dir='ltr'>in</span> <span class='ocrx_word' id='word_1_392' title='bbox 150 1630 274 1653; x_wconf 86' lang='lat' dir='ltr'>creacione</span> <span class='ocrx_word' id='word_1_393' title='bbox 284 1630 386 1653; x_wconf 86' lang='lat' dir='ltr'>Domini</span> <span class='ocrx_word' id='word_1_394' title='bbox 399 1629 475 1659; x_wconf 86' lang='lat' dir='ltr'>Petri,</span> <span class='ocrx_word' id='word_1_395' title='bbox 488 1629 616 1660; x_wconf 76' lang='lat' dir='ltr'>quondam</span> <span class='ocrx_word' id='word_1_396' title='bbox 629 1630 776 1653; x_wconf 80' lang='lat' dir='ltr'>Exouiensis</span> <span class='ocrx_word' id='word_1_397' title='bbox 789 1630 912 1661; x_wconf 80' lang='lat' dir='ltr'>Episcopi.</span> 
     </span>
    </p>
   </div>
   <div class='ocr_carea' id='block_1_7' title="bbox 81 1682 1177 2008">
    <p class='ocr_par' dir='ltr' id='par_1_8' title="bbox 144 1682 804 1713">
     <span class='ocr_line' id='line_1_43' title="bbox 144 1682 804 1713; baseline 0 -5"><span class='ocrx_word' id='word_1_398' title='bbox 144 1683 227 1708; x_wconf 70' lang='lat' dir='ltr'>Litma</span> <span class='ocrx_word' id='word_1_399' title='bbox 239 1683 280 1707; x_wconf 73' lang='lat' dir='ltr'>cli7</span> <span class='ocrx_word' id='word_1_400' title='bbox 281 1686 330 1708; x_wconf 76' lang='lat' dir='ltr'>ecta</span> <span class='ocrx_word' id='word_1_401' title='bbox 343 1684 448 1707; x_wconf 75' lang='lat' dir='ltr'>Domino</span> <span class='ocrx_word' id='word_1_402' title='bbox 460 1682 590 1713; x_wconf 69' lang='lat' dir='ltr'>Radulpho</span> <span class='ocrx_word' id='word_1_403' title='bbox 602 1682 631 1707; x_wconf 76' lang='lat' dir='ltr'>cle</span> <span class='ocrx_word' id='word_1_404' title='bbox 643 1683 678 1706; x_wconf 80' lang='lat' dir='ltr'>A7</span> <span class='ocrx_word' id='word_1_405' title='bbox 680 1683 771 1707; x_wconf 77' lang='lat' dir='ltr'>unclel</span> <span class='ocrx_word' id='word_1_406' title='bbox 763 1693 804 1708; x_wconf 87' lang='lat'>.—</span> 
     </span>
    </p>

    <p class='ocr_par' dir='ltr' id='par_1_9' title="bbox 81 1716 1177 2008">
     <span class='ocr_line' id='line_1_44' title="bbox 81 1716 1175 1748; baseline -0.001 -8"><span class='ocrx_word' id='word_1_407' title='bbox 81 1716 193 1741; x_wconf 82' lang='lat' dir='ltr'>Salutem</span> <span class='ocrx_word' id='word_1_408' title='bbox 206 1724 282 1748; x_wconf 85' lang='lat' dir='ltr'>quam</span> <span class='ocrx_word' id='word_1_409' title='bbox 294 1716 480 1740; x_wconf 69' lang='lat' dir='ltr'>sibi—Literas</span> <span class='ocrx_word' id='word_1_410' title='bbox 493 1718 588 1739; x_wconf 87' lang='lat' dir='ltr'>vestras</span> <span class='ocrx_word' id='word_1_411' title='bbox 602 1716 783 1746; x_wconf 78' lang='lat' dir='ltr'>deprecatorias</span> <span class='ocrx_word' id='word_1_412' title='bbox 795 1724 870 1747; x_wconf 81' lang='lat' dir='ltr'>super</span> <span class='ocrx_word' id='word_1_413' title='bbox 882 1717 979 1741; x_wconf 81' lang='lat' dir='ltr'>Vicaria</span> <span class='ocrx_word' id='word_1_414' title='bbox 990 1717 1076 1742; x_wconf 76' lang='lat' dir='ltr'>Sancti</span> <span class='ocrx_word' id='word_1_415' title='bbox 1089 1717 1175 1742; x_wconf 58' lang='lat' dir='ltr'>(Bolani</span> 
     </span>
     <span class='ocr_line' id='line_1_45' title="bbox 114 1748 1175 1781; baseline 0.001 -8"><span class='ocrx_word' id='word_1_416' title='bbox 114 1749 250 1780; x_wconf 85' lang='lat' dir='ltr'>presbitero</span> <span class='ocrx_word' id='word_1_417' title='bbox 262 1751 346 1772; x_wconf 88' lang='lat' dir='ltr'>vestro</span> <span class='ocrx_word' id='word_1_418' title='bbox 358 1749 515 1777; x_wconf 74' lang='lat' dir='ltr'>eonferenda,</span> <span class='ocrx_word' id='word_1_419' title='bbox 525 1749 551 1772; x_wconf 86' lang='grc'>111</span> <span class='ocrx_word' id='word_1_420' title='bbox 565 1748 672 1772; x_wconf 64' lang='lat' dir='ltr'>crastino</span> <span class='ocrx_word' id='word_1_421' title='bbox 684 1749 841 1773; x_wconf 84' lang='lat' dir='ltr'>Invencionis</span> <span class='ocrx_word' id='word_1_422' title='bbox 854 1750 944 1773; x_wconf 87' lang='lat' dir='ltr'>Sancte</span> <span class='ocrx_word' id='word_1_423' title='bbox 957 1750 1043 1774; x_wconf 86' lang='lat' dir='ltr'>Crucis</span> <span class='ocrx_word' id='word_1_424' title='bbox 1057 1749 1082 1781; x_wconf 83' lang='lat'>[4</span> <span class='ocrx_word' id='word_1_425' title='bbox 1096 1749 1175 1781; x_wconf 74' lang='lat' dir='ltr'>May]‚</span> 
     </span>
     <span class='ocr_line' id='line_1_46' title="bbox 114 1781 1176 1813; baseline 0.001 -8"><span class='ocrx_word' id='word_1_426' title='bbox 114 1782 182 1813; x_wconf 83' lang='lat' dir='ltr'>apud</span> <span class='ocrx_word' id='word_1_427' title='bbox 200 1781 357 1812; x_wconf 84' lang='lat' dir='ltr'>Stockwylle,</span> <span class='ocrx_word' id='word_1_428' title='bbox 374 1781 449 1812; x_wconf 74' lang='lat' dir='ltr'>juxta</span> <span class='ocrx_word' id='word_1_429' title='bbox 467 1781 615 1811; x_wconf 81' lang='lat' dir='ltr'>Londonias⁷</span> <span class='ocrx_word' id='word_1_430' title='bbox 631 1781 770 1812; x_wconf 83' lang='lat' dir='ltr'>recepimus</span> <span class='ocrx_word' id='word_1_431' title='bbox 786 1781 846 1805; x_wconf 85' lang='lat' dir='ltr'>hora</span> <span class='ocrx_word' id='word_1_432' title='bbox 863 1782 948 1812; x_wconf 83' lang='lat' dir='ltr'>prima.</span> <span class='ocrx_word' id='word_1_433' title='bbox 985 1782 1026 1812; x_wconf 86' lang='lat' dir='ltr'>Et,</span> <span class='ocrx_word' id='word_1_434' title='bbox 1043 1783 1102 1813; x_wconf 86' lang='lat' dir='ltr'>quia</span> <span class='ocrx_word' id='word_1_435' title='bbox 1117 1786 1176 1806; x_wconf 83' lang='lat' dir='ltr'>anto</span> 
     </span>
     <span class='ocr_line' id='line_1_47' title="bbox 113 1814 1176 1845; baseline 0.001 -7"><span class='ocrx_word' id='word_1_436' title='bbox 113 1814 282 1845; x_wconf 79' lang='lat' dir='ltr'>recepeionem</span> <span class='ocrx_word' id='word_1_437' title='bbox 295 1814 435 1838; x_wconf 74' lang='lat' dir='ltr'>Literarum</span> <span class='ocrx_word' id='word_1_438' title='bbox 453 1816 593 1838; x_wconf 85' lang='lat' dir='ltr'>vestrarum</span> <span class='ocrx_word' id='word_1_439' title='bbox 610 1814 641 1837; x_wconf 88' lang='lat' dir='ltr'>de</span> <span class='ocrx_word' id='word_1_440' title='bbox 657 1814 786 1837; x_wconf 84' lang='lat' dir='ltr'>vacacione</span> <span class='ocrx_word' id='word_1_441' title='bbox 802 1815 913 1845; x_wconf 84' lang='lat' dir='ltr'>predicta</span> <span class='ocrx_word' id='word_1_442' title='bbox 930 1823 1014 1839; x_wconf 79' lang='lat' dir='ltr'>revera</span> <span class='ocrx_word' id='word_1_443' title='bbox 1026 1816 1176 1845; x_wconf 80' lang='lat' dir='ltr'>audivimus,</span> 
     </span>
     <span class='ocr_line' id='line_1_48' title="bbox 115 1846 1177 1878; baseline 0.001 -8"><span class='ocrx_word' id='word_1_444' title='bbox 115 1847 195 1878; x_wconf 83' lang='lat' dir='ltr'>ipsam</span> <span class='ocrx_word' id='word_1_445' title='bbox 212 1847 313 1870; x_wconf 81' lang='lat' dir='ltr'>cuidam</span> <span class='ocrx_word' id='word_1_446' title='bbox 327 1846 448 1877; x_wconf 82' lang='lat' dir='ltr'>Magistro</span> <span class='ocrx_word' id='word_1_447' title='bbox 465 1846 569 1870; x_wconf 87' lang='lat' dir='ltr'>Arcium</span> <span class='ocrx_word' id='word_1_448' title='bbox 590 1847 621 1869; x_wconf 88' lang='lat' dir='ltr'>de</span> <span class='ocrx_word' id='word_1_449' title='bbox 641 1846 774 1874; x_wconf 69' lang='lat' dir='ltr'>Cornuhia,</span> <span class='ocrx_word' id='word_1_450' title='bbox 788 1847 813 1870; x_wconf 88' lang='grc'>111</span> <span class='ocrx_word' id='word_1_451' title='bbox 832 1847 976 1878; x_wconf 79' lang='lat' dir='ltr'>pauperimo</span> <span class='ocrx_word' id='word_1_452' title='bbox 993 1850 1062 1871; x_wconf 86' lang='lat' dir='ltr'>statu</span> <span class='ocrx_word' id='word_1_453' title='bbox 1081 1848 1177 1872; x_wconf 89' lang='lat' dir='ltr'>Oxonie</span> 
     </span>
     <span class='ocr_line' id='line_1_49' title="bbox 115 1879 1177 1910; baseline 0.002 -7"><span class='ocrx_word' id='word_1_454' title='bbox 115 1880 240 1909; x_wconf 79' lang='lat' dir='ltr'>existenti,</span> <span class='ocrx_word' id='word_1_455' title='bbox 262 1879 415 1903; x_wconf 83' lang='lat' dir='ltr'>contulimus</span> <span class='ocrx_word' id='word_1_456' title='bbox 433 1879 530 1903; x_wconf 88' lang='lat' dir='ltr'>intuitu</span> <span class='ocrx_word' id='word_1_457' title='bbox 549 1879 672 1902; x_wconf 73' lang='lat' dir='ltr'>karitatis.</span> <span class='ocrx_word' id='word_1_458' title='bbox 707 1879 758 1909; x_wconf 86' lang='lat' dir='ltr'>Set,</span> <span class='ocrx_word' id='word_1_459' title='bbox 777 1879 797 1902; x_wconf 92' lang='lat' dir='ltr'>si</span> <span class='ocrx_word' id='word_1_460' title='bbox 816 1880 868 1910; x_wconf 86' lang='lat' dir='ltr'>ipse</span> <span class='ocrx_word' id='word_1_461' title='bbox 887 1880 927 1903; x_wconf 89' lang='lat' dir='ltr'>cui</span> <span class='ocrx_word' id='word_1_462' title='bbox 943 1880 1037 1904; x_wconf 78' lang='lat' dir='ltr'>dictam</span> <span class='ocrx_word' id='word_1_463' title='bbox 1053 1881 1177 1904; x_wconf 78' lang='lat' dir='ltr'>Vicariam</span> 
     </span>
     <span class='ocr_line' id='line_1_50' title="bbox 115 1911 1177 1943; baseline 0 -7"><span class='ocrx_word' id='word_1_464' title='bbox 115 1912 269 1936; x_wconf 86' lang='lat' dir='ltr'>contulimus</span> <span class='ocrx_word' id='word_1_465' title='bbox 288 1912 375 1943; x_wconf 85' lang='lat' dir='ltr'>ipsam,</span> <span class='ocrx_word' id='word_1_466' title='bbox 393 1914 495 1942; x_wconf 85' lang='lat' dir='ltr'>propter</span> <span class='ocrx_word' id='word_1_467' title='bbox 515 1911 570 1942; x_wconf 87' lang='lat' dir='ltr'>ejus</span> <span class='ocrx_word' id='word_1_468' title='bbox 591 1911 729 1935; x_wconf 79' lang='lat' dir='ltr'>exilitatem</span> <span class='ocrx_word' id='word_1_469' title='bbox 749 1912 859 1936; x_wconf 77' lang='lat' dir='ltr'>noluerit</span> <span class='ocrx_word' id='word_1_470' title='bbox 881 1915 1016 1943; x_wconf 77' lang='lat' dir='ltr'>acceptare,</span> <span class='ocrx_word' id='word_1_471' title='bbox 1032 1915 1126 1937; x_wconf 83' lang='lat' dir='ltr'>extunc</span> <span class='ocrx_word' id='word_1_472' title='bbox 1146 1914 1177 1936; x_wconf 87' lang='lat' dir='ltr'>de</span> 
     </span>
     <span class='ocr_line' id='line_1_51' title="bbox 115 1944 1176 1976; baseline 0.001 -8"><span class='ocrx_word' id='word_1_473' title='bbox 115 1945 229 1976; x_wconf 87' lang='lat' dir='ltr'>precibus</span> <span class='ocrx_word' id='word_1_474' title='bbox 249 1944 338 1969; x_wconf 77' lang='lat' dir='ltr'>vestris</span> <span class='ocrx_word' id='word_1_475' title='bbox 360 1945 480 1968; x_wconf 76' lang='lat' dir='ltr'>faciemus</span> <span class='ocrx_word' id='word_1_476' title='bbox 503 1945 535 1968; x_wconf 84' lang='lat' dir='ltr'>ad</span> <span class='ocrx_word' id='word_1_477' title='bbox 557 1944 677 1968; x_wconf 83' lang='lat' dir='ltr'>honorem</span> <span class='ocrx_word' id='word_1_478' title='bbox 700 1944 746 1967; x_wconf 91' lang='lat' dir='ltr'>Dei</span> <span class='ocrx_word' id='word_1_479' title='bbox 770 1947 796 1968; x_wconf 88' lang='lat' dir='ltr'>et</span> <span class='ocrx_word' id='word_1_480' title='bbox 818 1947 931 1969; x_wconf 83' lang='lat' dir='ltr'>vestrum</span> <span class='ocrx_word' id='word_1_481' title='bbox 951 1946 1019 1976; x_wconf 82' lang='lat' dir='ltr'>quod</span> <span class='ocrx_word' id='word_1_482' title='bbox 1039 1946 1176 1969; x_wconf 76' lang='lat' dir='ltr'>viderimus</span> 
     </span>
     <span class='ocr_line' id='line_1_52' title="bbox 116 1977 817 2008; baseline -0.001 -7"><span class='ocrx_word' id='word_1_483' title='bbox 116 1978 407 2008; x_wconf 69' lang='lat' dir='ltr'>oportunum—Datum</span> <span class='ocrx_word' id='word_1_484' title='bbox 419 1977 459 2000; x_wconf 85' lang='lat' dir='ltr'>die</span> <span class='ocrx_word' id='word_1_485' title='bbox 471 1979 497 2000; x_wconf 86' lang='lat' dir='ltr'>et</span> <span class='ocrx_word' id='word_1_486' title='bbox 508 1977 561 2000; x_wconf 91' lang='lat' dir='ltr'>loco</span> <span class='ocrx_word' id='word_1_487' title='bbox 575 1977 725 2007; x_wconf 81' lang='lat' dir='ltr'>supradictis</span> <span class='ocrx_word' id='word_1_488' title='bbox 736 1985 742 2006; x_wconf 90' lang='lat'>;</span> <span class='ocrx_word' id='word_1_489' title='bbox 760 1977 817 2001; x_wconf 81' lang='lat' dir='ltr'>ibid.</span> 
     </span>
    </p>
   </div>
   <div class='ocr_carea' id='block_1_8' title="bbox 84 2030 1175 2094">
    <p class='ocr_par' dir='ltr' id='par_1_10' title="bbox 84 2030 1175 2094">
     <span class='ocr_line' id='line_1_53' title="bbox 84 2030 1175 2062; baseline 0 -7"><span class='ocrx_word' id='word_1_490' title='bbox 84 2031 148 2061; x_wconf 79' lang='lat' dir='ltr'>[The</span> <span class='ocrx_word' id='word_1_491' title='bbox 165 2031 291 2062; x_wconf 77' lang='lat' dir='ltr'>following</span> <span class='ocrx_word' id='word_1_492' title='bbox 308 2031 395 2055; x_wconf 84' lang='lat' dir='ltr'>Letter</span> <span class='ocrx_word' id='word_1_493' title='bbox 406 2030 451 2054; x_wconf 82' lang='lat' dir='ltr'>has</span> <span class='ocrx_word' id='word_1_494' title='bbox 467 2030 530 2054; x_wconf 88' lang='lat' dir='ltr'>been</span> <span class='ocrx_word' id='word_1_495' title='bbox 545 2030 678 2061; x_wconf 81' lang='lat' dir='ltr'>cancelled,</span> <span class='ocrx_word' id='word_1_496' title='bbox 695 2031 744 2054; x_wconf 84' lang='lat' dir='ltr'>and</span> <span class='ocrx_word' id='word_1_497' title='bbox 760 2030 804 2054; x_wconf 89' lang='lat' dir='ltr'>the</span> <span class='ocrx_word' id='word_1_498' title='bbox 821 2031 903 2055; x_wconf 87' lang='lat' dir='ltr'>words</span> <span class='ocrx_word' id='word_1_499' title='bbox 922 2031 935 2044; x_wconf 74' lang='lat'>⁴‘</span> <span class='ocrx_word' id='word_1_500' title='bbox 945 2039 995 2055; x_wconf 89' lang='lat' dir='ltr'>non</span> <span class='ocrx_word' id='word_1_501' title='bbox 1012 2031 1063 2056; x_wconf 79' lang='lat' dir='ltr'>fuit</span> <span class='ocrx_word' id='word_1_502' title='bbox 1076 2030 1175 2055; x_wconf 83' lang='lat' dir='ltr'>missa&#39;&#39;</span> 
     </span>
     <span class='ocr_line' id='line_1_54' title="bbox 117 2063 438 2094; baseline -0.003 -6"><span class='ocrx_word' id='word_1_503' title='bbox 117 2064 218 2088; x_wconf 88' lang='lat' dir='ltr'>written</span> <span class='ocrx_word' id='word_1_504' title='bbox 230 2064 255 2088; x_wconf 89' lang='lat' dir='ltr'>in</span> <span class='ocrx_word' id='word_1_505' title='bbox 267 2064 311 2088; x_wconf 86' lang='lat' dir='ltr'>the</span> <span class='ocrx_word' id='word_1_506' title='bbox 323 2063 438 2094; x_wconf 64' lang='lat' dir='ltr'>margin}</span> 
     </span>
    </p>
   </div>
   <div class='ocr_carea' id='block_1_9' title="bbox 86 2112 1178 2177">
    <p class='ocr_par' dir='ltr' id='par_1_11' title="bbox 86 2112 1178 2177">
     <span class='ocr_line' id='line_1_55' title="bbox 149 2112 759 2143; baseline 0 -7"><span class='ocrx_word' id='word_1_507' title='bbox 149 2112 232 2137; x_wconf 67' lang='lat' dir='ltr'>Litora</span> <span class='ocrx_word' id='word_1_508' title='bbox 243 2112 336 2137; x_wconf 74' lang='lat' dir='ltr'>directa</span> <span class='ocrx_word' id='word_1_509' title='bbox 348 2113 453 2136; x_wconf 72' lang='lat' dir='ltr'>Domino</span> <span class='ocrx_word' id='word_1_510' title='bbox 466 2112 596 2137; x_wconf 66' lang='lat' dir='ltr'>cardinali</span> <span class='ocrx_word' id='word_1_511' title='bbox 608 2112 708 2143; x_wconf 66' lang='lat' dir='ltr'>Anylico</span> <span class='ocrx_word' id='word_1_512' title='bbox 722 2121 759 2136; x_wconf 88' lang='lat'>:—</span> 
     </span>
     <span class='ocr_line' id='line_1_56' title="bbox 86 2145 1178 2177; baseline 0.001 -8"><span class='ocrx_word' id='word_1_513' title='bbox 86 2145 227 2170; x_wconf 83' lang='lat' dir='ltr'>Venerabili</span> <span class='ocrx_word' id='word_1_514' title='bbox 239 2146 264 2170; x_wconf 87' lang='lat' dir='ltr'>in</span> <span class='ocrx_word' id='word_1_515' title='bbox 277 2146 378 2170; x_wconf 84' lang='lat' dir='ltr'>Christo</span> <span class='ocrx_word' id='word_1_516' title='bbox 388 2146 456 2170; x_wconf 76' lang='lat' dir='ltr'>Patri</span> <span class='ocrx_word' id='word_1_517' title='bbox 468 2154 497 2170; x_wconf 85' lang='lat' dir='ltr'>ac</span> <span class='ocrx_word' id='word_1_518' title='bbox 508 2146 623 2176; x_wconf 81' lang='lat' dir='ltr'>Domino,</span> <span class='ocrx_word' id='word_1_519' title='bbox 633 2146 736 2175; x_wconf 81' lang='lat' dir='ltr'>Thome,</span> <span class='ocrx_word' id='word_1_520' title='bbox 747 2146 793 2169; x_wconf 72' lang='lat' dir='ltr'>Dei</span> <span class='ocrx_word' id='word_1_521' title='bbox 802 2146 882 2177; x_wconf 79' lang='lat' dir='ltr'>gracia</span> <span class='ocrx_word' id='word_1_522' title='bbox 896 2146 1054 2170; x_wconf 75' lang='lat' dir='ltr'>Sacrosancte</span> <span class='ocrx_word' id='word_1_523' title='bbox 1068 2146 1178 2170; x_wconf 83' lang='lat' dir='ltr'>Romane</span> 
     </span>
    </p>
   </div>
  </div>
 </body>
</html>
