1328 2295
77 144 124 180 62
279 156 352 182 Tm:
376 156 557 182 REGISTER
582 156 628 182 or
652 156 787 183 BISHoP
813 156 1037 183 STAPELDON.

143 232 268 263 [Another
285 234 365 265 Royal
381 234 666 259 Letter—“Prohibicio
683 234 757 265 Regis
772 242 847 265 super
863 235 880 259 J
882 235 1046 259 urisdiccione
1064 233 1244 258 Boseham’'-

177 267 311 290 addressed
328 270 356 291 to
375 268 420 291 the
440 267 533 298 Bishop
552 268 578 290 of
599 267 745 291 Chichester
766 268 815 291 and
833 269 860 290 to
881 268 925 291 the
947 276 1015 291 same
1036 267 1115 297 effect,
1135 267 1244 291 without

177 299 243 328 date,
256 300 311 329 but,
323 300 414 329 issued,
428 300 563 331 evidently,
573 300 599 323 in
613 301 684 329 1314,
697 300 747 323 will
759 300 790 323 be
802 300 882 323 found
895 308 926 323 on
939 300 980 324 fol.
997 301 1034 324 86.

142 331 370 356 —MEMORANDUM
382 333 450 364 quod
462 333 502 356 die
514 333 618 356 Sabbati
628 333 655 355 in
663 333 753 362 Vigilia
765 332 851 356 Sancti
865 333 993 356 Michaelis
1007 333 1047 362 (28
1061 333 1150 363 Sept),
1163 332 1243 362 Anno,

177 366 223 388 etc.
246 365 343 389 OCCmo
363 368 454 396 quarto
472 365 576 394 decimo,
593 365 660 396 apud
677 365 825 393 Eboracum,
845 365 939 388 tradita
954 366 1005 389 fuit
1023 366 1132 396 quedam
1151 365 1245 388 Peticio

177 405 221 427 per
237 397 375 421 Dominum
396 398 563 421 Exoniensem
580 398 733 428 Episcopum
756 397 865 421 Domino
885 398 994 421 Roberto
1015 399 1046 421 de
1070 397 1193 428 Bardlebi,
1213 398 1245 421 ad

179 429 357 454 Cancellariam
374 430 478 454 Domini
497 430 578 461 Regis,
597 430 675 460 ipsius
696 430 770 460 Regis
789 430 869 460 sigillo
888 430 985 460 privato
1007 431 1111 461 signata,
1131 430 1178 453 sub
1199 430 1246 453 hac

178 462 367 486 forma—Here
378 463 475 486 follows
486 470 500 486 a
510 463 597 486 Letter
608 463 673 486 from
686 462 730 486 the
746 463 814 493 King
831 465 858 486 to
877 463 921 486 the
938 463 1032 494 Bishop
1044 463 1070 486 of
1088 463 1241 491 Chiehester,

177 497 204 518 to
227 495 272 518 the
292 503 360 519 same
380 495 453 519 effect
472 503 499 519 as
517 495 561 518 the
578 495 663 524 above,
683 495 740 524 and,
760 495 819 524 also,
840 495 949 519 without
965 496 1040 525 date;
1059 496 1109 519 and
1128 496 1173 519 the
1191 496 1242 520 MS.

177 528 296 558 proceeds
312 528 373 551 thus
380 528 432 552 :—“
444 528 477 551 Et
489 530 581 559 postea,
594 530 708 558 presente
720 528 896 551 nichilominus
910 528 1061 552 Cancellario
1073 536 1156 552 coram
1168 528 1242 558 Rege,

178 560 204 583 in
218 560 315 584 Palacio
328 560 469 591 Episcopali
481 561 549 591 apud
562 561 708 589 Eboracum,
722 561 761 583 die
775 561 845 583 Lune
857 561 882 583 in
900 561 1007 584 crastino
1020 561 1106 584 Sancti
1118 561 1245 584 Michaelis

179 593 221 621 (30
234 593 322 624 Sept),
335 601 400 617 anno
412 601 462 624 quo
474 601 556 624 supra,
567 594 620 616 Rex
637 593 748 623 precepit
764 593 844 616 eidem
862 593 1012 616 Cancellario
1024 594 1092 624 quod
1110 592 1182 617 fieret
1198 593 1246 616 sub

184 625 265 649 forma
282 626 400 656 predicta.
444 626 479 649 Et
496 626 546 649 fuit
563 626 630 649 dieta
651 625 743 649 Peticio
764 626 881 656 expedita
901 628 927 649 et
950 626 1028 649 Breve
1047 628 1180 657 optentum
1197 626 1245 649 sub

178 658 266 681 eadem
281 659 369 688 forma,
382 659 413 682 de
428 659 504 682 verbo
520 659 551 682 ad
565 658 670 681 verbum
684 667 689 687 ;
708 666 795 687 unum,
809 658 931 687 videlicet,
947 659 979 682 ad
995 659 1147 689 Episcopum
1165 659 1244 682 Cices-

180 692 298 721 trensem,
311 694 336 714 et
350 691 405 722 ejus
425 691 529 715 Officiali
540 699 568 714 ac
580 699 666 714 eorum
680 691 868 720 Commissariis,
882 694 908 714 et
920 691 989 714 aliud
1000 692 1032 714 ad
1045 691 1245 715 Archidaconum

181 723 247 753 Loci,
264 726 290 747 et
311 724 415 748 Officiali
430 732 475 747 suo
493 732 521 747 ac
535 731 621 747 eorum
640 723 837 747 Commissariis:
855 724 902 747 sub
920 724 994 747 Teste
1012 725 1079 754 apud
1097 724 1245 753 Eboracum,

180 757 289 780 secundo
307 757 347 780 die
368 757 490 786 Octobris,
511 757 585 780 Anno
606 756 685 786 Regni
705 756 744 779 sui
765 760 852 779 octavo
867 756 1036 788 [1314].—Et
1053 757 1244 780 memorandum

180 789 249 819 quod
269 789 393 813 Dominus
416 789 544 813 Johannes
567 789 598 812 de
621 789 727 812 Sendale
751 791 804 812 erat
826 791 888 812 tunc
912 789 1078 813 Cancellarius
1098 789 1193 819 Regis;
1220 791 1247 812 et

180 821 285 845 fuerunt
301 822 390 845 Brevia
401 822 535 852 duplicata.
571 822 667 850 Postea,
678 822 704 844 in
717 821 830 852 proximo
847 822 1021 851 parliamento,
1039 822 1181 851 Londouiis,
1195 822 1245 845 fuit

180 854 248 877 dicta
262 855 409 884 Prohibicio,
430 862 458 878 eo
484 855 552 885 quod
568 854 693 877 asserebat
712 854 858 884 simpliciter
882 854 1046 885 Capellariam
1068 855 1099 878 de
1122 855 1245 878 Boseham

179 894 232 910 csse
250 887 366 911 Liberam
383 887 546 918 Capellariam
562 887 643 917 Regis,
657 889 777 916 revocata,
791 889 816 910 et
832 887 880 910 alia
893 895 1014 916 concessa,
1027 895 1076 918 que
1089 887 1206 911 scribitur
1217 887 1244 911 in

179 919 214 950 iiij
227 920 288 943 folio
305 920 422 950 quaterni
434 918 550 951 proximil
562 927 567 949 ;
585 920 627 943 fol.
641 919 689 949 88].

81 980 118 1000 ῑοι.
131 986 161 1005 η.
175 968 353 1001 Processus
369 968 506 1001 habitus
522 969 564 1000 in
582 968 692 1000 Curia
708 968 854 1000 Domini
873 968 975 1010 Reyis
992 972 1109 1000 contra
1125 967 1246 1000 Archi-

215 1012 403 1044 diawnum
422 1012 656 1044 &cesto-ensem
672 1015 701 1043 ct
717 1011 788 1053 ejus
807 1012 999 1054 Officialmn,
1018 1023 1122 1055 super
1146 1012 1243 1043 liberr-

216 1059 280 1088 tate
295 1056 436 1088 Ecclesia
453 1066 512 1087 seu
535 1055 666 1097 Capella
682 1055 721 1087 cle
736 1055 960 1087 Emesam:—

215 1108 396 1138 Prohibicio‚—

151 1142 297 1171 Edwardus,
318 1142 365 1165 Dei
385 1141 466 1171 gracia
487 1141 541 1165 Rex
561 1141 658 1171 Anglie,
679 1141 804 1164 Dominus
826 1141 952 1170 Hibernie,
975 1143 1000 1165 et
1021 1141 1080 1164 Dux
1097 1141 1241 1172 Aquitanic,

182 1174 302 1205 Magistro
314 1175 423 1198 Roberto
436 1174 727 1204 Leyset‚‘Archidiacono
741 1174 895 1203 Cicestreusi,
906 1177 931 1197 et
950 1174 1058 1197 Roberto
1074 1175 1105 1197 de
1118 1174 1244 1205 Enderby,

184 1207 288 1231 Officiali
300 1215 352 1236 suo,
369 1215 397 1230 ac
412 1215 498 1230 eorum
513 1206 701 1235 Commissariis,
717 1206 931 1236 salutem—Cum
945 1207 1055 1230 Ecclesia
1072 1207 1102 1230 de
1122 1207 1244 1230 Boseham

182 1240 216 1263 sit
230 1240 318 1263 Libera
331 1240 431 1270 Capella
447 1242 538 1267 nostra,
553 1242 579 1262 et
596 1247 609 1262 a
622 1239 637 1262 J
640 1239 810 1268 urisdiccione,
824 1239 939 1269 precipue
952 1242 1076 1269 quantum
1089 1240 1120 1263 ad
1134 1239 1245 1263 chorum

183 1275 210 1296 et
232 1273 374 1296 Prcbendas
398 1272 506 1295 Ecclesie
529 1272 602 1300 illius,
628 1279 655 1294 ac
678 1279 794 1302 personas
813 1272 1037 1295 Prehendariorum
1056 1272 1243 1296 Prebendarum

183 1306 283 1329 illarum
296 1307 322 1328 et
336 1305 509 1328 Ministrorum
527 1304 635 1327 Ecclesie
653 1304 771 1334 predicte,
784 1309 901 1335 exempta
918 1305 1018 1335 penitus
1031 1307 1056 1328 et
1073 1305 1201 1334 immunis,
1214 1307 1244 1328 ut

183 1338 283 1366 dicitur,
307 1346 335 1361 ac
358 1345 401 1361 vos
424 1337 450 1360 in
470 1337 551 1361 Choro
575 1339 601 1360 et
624 1337 760 1360 Prehendis
784 1337 892 1360 Ecclesie
917 1338 1027 1367 predicte
1045 1338 1116 1361 acin
1134 1337 1245 1368 personis

184 1370 410 1394 Prehendariorum
428 1370 615 1393 Prebeudarum
636 1370 735 1392 illarum
755 1372 780 1392 et
804 1370 978 1393 Ministrorum
1002 1370 1110 1393 Ecclesie
1132 1370 1244 1401 predicte

183 1404 199 1427 J
202 1403 389 1427 urisdiccionem
409 1403 565 1426 Ordinariam
578 1410 690 1425 exercere
711 1402 835 1431 nitamini,
850 1405 879 1425 ut
894 1402 1073 1432 intelleximus,
1087 1403 1155 1426 uncle
1167 1403 1243 1434 pluri-

183 1444 255 1460 mum
266 1436 421 1459 admiramur
434 1443 439 1464 3
459 1435 529 1458 vobis
543 1435 712 1465 prohibemus,
726 1435 831 1458 firmiter
847 1435 1009 1466 injungentes
1022 1436 1097 1466 quod,
1113 1436 1134 1459 si
1151 1436 1187 1459 ita
1199 1438 1244 1465 est,

182 1471 245 1492 tunc
260 1469 286 1492 in
305 1468 405 1498 Capella
422 1468 541 1498 predicta,
556 1468 596 1491 vel
613 1468 639 1490 in
657 1467 739 1491 Choro
757 1475 800 1490 seu
820 1468 956 1491 Prehendis
972 1468 1080 1491 Ecclesie
1100 1468 1174 1497 illius,
1199 1470 1246 1492 aut

182 1501 293 1532 personis
311 1501 536 1524 Prehendariorum
553 1500 740 1523 Prebendarum
754 1500 863 1529 illarum,
882 1501 933 1524 sive
951 1501 1126 1524 Ministrorum
1142 1501 1243 1531 Capelle

184 1534 302 1565 predicte.
315 1534 331 1557 J
334 1533 522 1557 urisdiccionem
534 1533 682 1564 hujusmodi
698 1533 843 1556 nullatenus
859 1534 1000 1562 exerceatis,
1013 1541 1059 1557 nec
1070 1533 1097 1556 in
1109 1534 1188 1557 nostri
1200 1536 1245 1557 aut

183 1566 353 1590 immunitatis
365 1566 462 1597 prefate
475 1566 562 1589 Libere
576 1566 675 1596 Capelle
691 1568 783 1593 nostre,
799 1568 844 1588 aut
862 1566 1087 1589 Prebendariorum
1103 1574 1146 1589 sen
1159 1566 1244 1590 Minis-

182 1602 281 1623 trorum
298 1599 468 1630 predictorum
484 1598 653 1629 prejudicium
671 1598 791 1628 quicquid
808 1598 920 1621 indebite
935 1599 1015 1622 facere
1034 1599 1201 1629 presumatis;
1220 1601 1247 1622 et

182 1632 203 1656 si
214 1632 277 1662 quid
288 1631 436 1662 hujusmodi
447 1631 473 1654 in
487 1631 613 1661 premissis
625 1631 740 1660 feceritis,
753 1631 779 1653 id
791 1631 844 1654 sine
856 1631 976 1654 dilacione
988 1631 1071 1662 aliqua
1083 1632 1246 1655 revocetis.—

182 1665 257 1688 Teste
274 1665 376 1695 meipso,
390 1665 457 1694 apud
473 1664 731 1693 Westmonasterium,
750 1663 801 1694 xvij
818 1663 858 1687 die
874 1664 966 1694 Marcii,
979 1664 1053 1687 Anno
1070 1664 1150 1695 Regni
1166 1664 1246 1688 nostri

183 1700 271 1721 octavo
283 1697 414 1728 [1314-15]
428 1705 434 1725 ;
453 1696 490 1720 14.

216 1742 478 1771 Attachiamcntum,—-

151 1775 237 1799 -Rex
261 1775 408 1798 Vicecomiti
431 1774 547 1798 Sussexie
571 1774 789 1797 salutern—Pone
813 1782 857 1804 per
880 1774 982 1797 vadium
1005 1776 1032 1798 et
1049 1774 1130 1798 salvos
1153 1775 1246 1806 plegios

185 1808 335 1838 Magistrum
352 1807 491 1831 Robertum
508 1807 607 1838 Lcyset,
624 1806 835 1830 Archidiaconum
857 1807 1043 1836 Cicestrensem,
1062 1810 1088 1830 et
1107 1808 1246 1831 Robertum

185 1841 216 1864 de
229 1840 354 1871 Endreby,
368 1840 503 1863 Officialem
517 1839 579 1870 ejus,
592 1840 660 1869 quod
672 1839 723 1862 sint
735 1847 817 1862 coram
829 1839 900 1862 nobis
912 1847 926 1862 a
939 1839 985 1862 Die
998 1840 1090 1863 Pasche
1102 1840 1128 1863 in
1141 1848 1173 1863 xv
1186 1841 1246 1870 dies,

186 1873 339 1903 ubicumque
360 1875 422 1895 tunc
442 1872 565 1895 fuerimus
588 1872 614 1895 in
639 1872 735 1902 Anglia,
755 1872 879 1895 ostensuri
900 1880 983 1902 quare,
1005 1880 1062 1895 cum
1089 1873 1196 1896 Ecclesia
1215 1874 1247 1897 de

185 1906 308 1929 Boseham
328 1904 362 1928 sit
383 1905 472 1928 Libera
495 1904 594 1934 Capella
617 1907 709 1932 nostra,
733 1912 747 1927 a
769 1904 950 1928 Jurisdiccione
971 1905 1108 1934 Ordinaria,
1130 1906 1246 1936 precipue

184 1940 309 1967 quantum
321 1938 352 1961 ad
362 1937 473 1961 Chorum
481 1939 506 1960 et
514 1937 655 1960 Prebendas
665 1937 773 1960 Ecclesie
783 1937 890 1965 illius,ac
898 1945 1013 1967 personas
1022 1938 1245 1961 Prehendariorum

185 1970 372 1994 Prehendarum
395 1970 495 1993 illarum
518 1972 544 1993 et
567 1970 740 1993 Ministrorum
766 1969 872 1993 Ecclesie
895 1970 1012 2000 predicte,
1037 1978 1064 1993 ac
1086 1970 1112 1994 in
1136 1971 1246 2001 personis

88 2072 98 2088 ¹
114 2074 151 2098 i.e.
165 2073 207 2097 fol.
221 2074 276 2102 106,
286 2073 366 2096 where
375 2072 418 2096 the
428 2074 478 2095 two
488 2072 643 2095 Documents
726 2071 818 2101 March,
828 2072 841 2095 8
853 2072 921 2095 Edw.
931 2072 1057 2103 11.)‚—(2)
1068 2073 1245 2098 Attachwmen-

122 2106 224 2137 printed
246 2105 417 2135 immediately
437 2105 516 2128 below
537 2112 577 2127 are
599 2112 642 2127 eu-
726 2107 777 2127 tum
783 2104 1075 2129 contraArclzidiaconum
1082 2106 1246 2132 Oicestrenscm

122 2138 270 2169 tered‚—(1)
290 2137 447 2163 “Prohibicio
465 2137 584 2162 Boseham
602 2136 642 2168 (17
728 2137 751 2167 (6
764 2137 857 2169 March,
871 2138 884 2161 8
898 2137 967 2162 Edw.
981 2137 1025 2169 ΙΙ).
