1328 2295
99 151 147 188 90
301 166 373 191 THE
398 166 578 192 REGISTER
604 166 650 192 OF
674 167 807 193 BISHOP
834 167 1056 194 STAPELDON.

95 242 298 285 Burghtone,
314 244 403 276 John
420 244 468 281 de,
484 244 559 276 inst.
572 246 606 276 to
624 244 792 287 Upottery
803 258 809 284 ;
834 245 914 279 127:
938 247 1082 288 1·esigns;
1106 248 1177 279 164.

94 295 214 337 Burgo,
231 296 385 327 Edmund
402 296 450 334 de,
467 296 504 328 R.
521 296 556 328 of
579 297 953 340 Moreton—Hampstead
966 311 973 337 ;
998 298 1062 331 371).

93 348 213 390 Burgo,
229 348 376 379 William
393 349 440 387 de,
459 358 506 380 see
523 348 716 391 Consistory
733 349 855 388 Gourt3
881 350 966 383 172b.

88 400 372 438 Burlescombc,—

225 453 331 476 Taaeacio
344 456 365 476 et
378 452 511 476 Orclinacio
529 452 625 476 Viam-ie
640 453 738 476 L'cclesz'c
749 453 778 477 dc
791 453 974 478 Burdlescombe
987 454 1083 484 (sic),—

159 493 296 523 Universis,
324 496 381 523 etc„
406 494 539 522 Walterus,
564 496 618 523 etcl,
642 494 750 517 salutem
778 494 804 517 in
829 495 938 518 Domino
967 496 1253 526 sempiternam.—Cum

192 527 317 549 Dominus
329 527 345 550 J
347 526 457 549 ohannes
474 528 527 549 atte
540 526 562 549 Μ
568 526 625 554 ulle,
639 527 768 557 presbiter,
781 535 862 557 nuper
874 528 952 551 fuerit
964 528 1114 552 auctoritate
1126 531 1211 552 nostra
1222 530 1255 553 ad

192 559 344 590 Perpetuam
365 559 487 582 Vicariam
508 559 534 582 in
558 559 666 582 Ecclesia
684 560 715 582 de
738 560 954 590 Burdelescombe,
971 563 1055 584 nostre
1077 561 1194 591 Diocesis,
1212 570 1256 592 per

191 600 236 615 nos
248 592 279 615 de
292 600 355 615 novo
367 592 501 615 taxandam
515 594 541 614 et
553 592 834 622 ordinandam—quam,
848 593 958 622 quidem,
973 594 1107 617 Ecclesiam
1121 594 1255 618 Abbatissa

191 627 217 648 et
225 625 372 648 Conventus
381 625 412 648 de
425 625 508 655 Leghe
518 625 698 648 Canonicarum
712 625 828 655 optinent
840 626 866 648 in
879 626 991 656 proprios
1003 627 1129 650 usus-ad
1141 627 1253 658 ipsorum

189 658 402 688 presentacionem
423 657 545 680 admissus
569 660 595 680 et
618 657 752 681 institutus
775 658 891 681 canonice
911 659 937 682 in
961 659 1054 688 eadem,
1079 662 1108 683 ut
1131 662 1184 683 tam
1206 668 1251 690 pro

190 690 276 719 quiete
292 690 405 721 ipsorum
421 690 553 713 Abbatisse
570 692 596 713 et
615 690 760 713 Conventus
777 697 853 720 quam
869 691 960 714 Vicarii
977 692 1090 722 predicti,
1103 695 1129 716 et
1146 692 1252 716 aliorum

189 723 344 746 Vicariorum
358 723 401 752 qui
413 731 457 753 pro
469 725 582 753 tempore
595 725 670 746 erunt
679 723 779 752 ibidem,
793 724 849 747 sciri
858 724 940 747 valeat
951 725 977 747 in
990 724 1082 754 quibus
1094 725 1252 755 porcionibus

188 755 335 786 hujusmodi
355 756 453 779 Vicaria
473 756 606 779 consistere
626 756 716 779 debeat
736 757 892 786 temporibus
911 758 1051 787 secuturis;
1071 765 1122 787 nos,
1143 760 1196 781 tam
1220 759 1251 782 de

187 796 302 819 expresso
325 796 446 812 consensu
470 788 603 811 Abbatisse
627 791 652 811 et
676 789 822 812 Conventus
850 790 1020 819 predictorum
1043 798 1119 820 quam
1148 790 1250 815 Domini

188 821 311 845 «Iohannis
329 821 421 844 Vicarii
444 821 571 849 antedicti,
590 821 669 851 ipsam
687 821 811 844 Vicariam
828 825 859 845 ut
876 822 901 845 in
922 823 1069 853 subscriptis
1091 823 1249 853 porcionibus

187 854 307 877 consistat
326 856 442 877 taxamus
463 862 497 882 ac,
522 854 606 882 eciam,
628 854 791 882 ordinamus3
810 854 933 884 videlicet,
955 856 1022 885 quod
1041 856 1107 879 idem
1127 856 1248 886 Vioarius,

186 889 212 910 et
229 895 381 910 successores
402 886 441 910 sui
461 886 506 916 qui
528 894 572 916 pro
595 889 708 916 tempore
731 889 806 910 erunt
829 887 930 916 ibidem,
948 887 1052 911 habebit
1072 891 1098 911 et
1117 888 1248 913 habebunt

184 927 308 948 mansum,
324 927 381 943 cum
398 919 535 948 curtilagi0‚
553 919 619 948 quod
637 919 763 949 Capeliani
779 920 934 943 Parochiales
950 923 1008 944 ante
1025 921 1209 945 Admissionem
1222 924 1248 945 et

185 952 378 975 Institucionem
390 952 451 975 dicti
464 952 566 975 Domini
582 952 703 975 Johannis
720 952 744 975 in
760 952 857 975 Vicaria
872 953 991 983 predicta,
1003 953 1095 977 habere
1112 956 1138 977 et
1149 954 1246 978 inhabi-

181 987 234 1008 tare
244 987 424 1008 consueverant
434 993 439 1014 3
458 992 492 1011 ae,
507 984 591 1013 eciam,
608 992 684 1007 unam
700 992 781 1008 acram
794 987 820 1008 et
832 985 979 1015 perticatain
991 988 1056 1009 terre
1068 986 1149 1010 eidem
1161 995 1248 1011 manso

184 1020 210 1041 et
228 1018 359 1048 curtilagio
380 1017 493 1048 proprius
509 1017 659 1047 adjacentes,
676 1017 707 1040 de
725 1020 791 1040 terra
813 1018 954 1041 sanctuarii
972 1019 1098 1042 dictorum
1113 1019 1246 1043 Abbatisse

183 1053 209 1073 et
238 1051 391 1079 Conventus,
416 1050 483 1073 unde
509 1050 639 1073 annuatim
666 1050 755 1073 reddet
783 1053 809 1073 et
837 1051 944 1074 reddent
967 1051 1080 1075 Vicarius
1103 1055 1129 1075 et
1155 1052 1247 1076 vicarii

182 1083 314 1106 memorati
323 1083 416 1114 :decem
431 1083 545 1106 denarios
563 1083 747 1112 sterlingorum,
757 1083 788 1106 ad
806 1084 1017 1107 sustentacionem
1034 1085 1165 1115 cujusdam
1178 1093 1243 1109 mor-

181 1116 239 1139 tarii
256 1116 366 1139 ardentis
384 1116 410 1138 in
427 1115 537 1138 Ecclesia
555 1115 687 1138 antedicta¹
723 1116 854 1143 Volumus,
868 1116 953 1145 eciam,
970 1119 996 1140 et
1013 1117 1157 1141 ordinamus
1175 1119 1244 1147 quod

182 1149 265 1172 dictus
286 1149 409 1172 Dominus
430 1148 565 1176 Johannes,
580 1148 701 1177 Vicarius,
719 1151 745 1171 et
766 1156 917 1172 successores
939 1149 978 1172 sui
1001 1150 1044 1179 qui
1064 1158 1108 1180 pro
1131 1152 1244 1181 tempore

181 1184 256 1205 erunt
278 1182 380 1210 ibidem,
404 1181 525 1211 percipiat
547 1183 572 1204 et
596 1181 741 1211 percipiant,
765 1181 866 1204 nomine
889 1182 985 1205 Vicarie
1013 1183 1131 1213 predicte,
1155 1191 1241 1207 omnes

181 1214 289 1238 decimas
305 1217 358 1237 tam
374 1214 481 1244 majores
497 1221 573 1243 quam
588 1213 695 1236 minores
712 1214 742 1236 de
762 1214 898 1244 curtilagiis
913 1222 980 1238 nunc
996 1215 1162 1239 existentibus
1177 1216 1243 1240 infra

180 1247 273 1270 limites
297 1246 415 1270 Parochie
436 1246 502 1269 dicte
526 1246 634 1269 Ecclesie
659 1246 876 1276 qualitercumque
900 1247 1080 1277 provenientes,
1102 1256 1137 1278 ac,
1156 1249 1241 1279 eciam,

180 1288 266 1303 omnes
284 1280 343 1303 alias
360 1279 471 1302 minutas
490 1279 597 1302 decimas
615 1281 641 1302 et
655 1279 794 1302 oblaciones
812 1287 990 1309 quascumque,
1005 1288 1033 1303 ac
1052 1281 1099 1304 alia
1116 1282 1200 1305 omnia
1217 1284 1242 1305 et

179 1313 277 1343 singula
294 1312 319 1335 in
332 1312 398 1335 dicta
411 1311 529 1335 Parochia
542 1318 589 1341 que
608 1311 775 1341 appellacione
791 1312 895 1342 altilagii
913 1316 1093 1336 consueverant
1109 1314 1239 1343 contineri,

179 1345 288 1376 exceptis
306 1345 442 1368 dumtaxat
462 1344 631 1367 oblacionibus
648 1344 724 1367 libere
741 1344 835 1367 familie
852 1345 919 1368 intra
936 1345 1090 1369 Abbathiam
1108 1347 1138 1370 de
1157 1347 1241 1377 Leghe

178 1378 359 1402 Canonicarum
377 1380 403 1400 et
417 1377 593 1400 devocionibus
612 1377 684 1400 factis
701 1377 727 1400 in
748 1377 851 1403 eadem:
869 1378 986 1408 exceptis,
999 1378 1083 1408 eciam,
1097 1379 1241 1403 mortuariis

177 1411 258 1434 tocius
276 1410 394 1434 Parochie
415 1410 540 1433 antedicte
561 1417 588 1432 ac
607 1409 775 1433 oblacionibus
796 1410 827 1433 ad
848 1410 974 1440 Capellam
997 1411 1083 1434 Sancti
1102 1412 1240 1436 Theobaldi

177 1444 203 1467 in
216 1444 283 1467 dicta
295 1443 414 1467 Parochia
426 1443 457 1466 de
474 1442 682 1465 Burdelescombe
699 1443 911 1472 provenientibus,
924 1443 1077 1473 decimisque
1088 1444 1149 1467 silve
1161 1445 1239 1469 cedue

177 1484 221 1507 per
232 1478 313 1499 totam
326 1475 470 1499 Parochiam
484 1475 644 1504 antedictam,
657 1483 753 1498 necnon
769 1476 877 1498 duorum
894 1476 1102 1506 molendinorum,
1115 1477 1238 1507 videlicet,

177 1509 312 1539 Knaphille
341 1511 367 1531 et
390 1508 522 1539 Pogeham,
543 1515 571 1531 ac
594 1507 699 1531 minutis
720 1508 822 1531 decimis
842 1508 959 1532 omnibus
982 1512 1008 1532 et
1030 1509 1135 1540 singulis
1157 1510 1238 1534 tocius

176 1541 302 1565 Abbathie
326 1541 444 1572 predicte,
468 1543 494 1563 et
516 1543 639 1563 terrarum
664 1540 845 1564 dominicarum
866 1541 992 1564 Abbathie
1015 1542 1137 1572 ejusdem,
1156 1550 1184 1566 ac
1207 1544 1238 1567 de

177 1574 340 1598 nutrimentis
360 1573 507 1597 animalium
528 1581 746 1603 quorumcumque
767 1573 900 1596 Abbatisse
924 1577 949 1597 et
974 1574 1119 1598 Conventus
1142 1576 1237 1606 predic-

175 1609 268 1637 torum,
279 1607 348 1636 dum,
359 1609 451 1634 tamen,
461 1606 487 1629 in
500 1606 598 1636 proprio
610 1606 734 1629 dominico
747 1614 792 1629 suo
810 1606 907 1636 depasti
920 1607 1017 1630 fuerint
1028 1615 1033 1635 ;
1052 1615 1120 1638 quas,
1134 1608 1236 1638 quidem

175 1640 321 1668 oblaciones,
332 1639 476 1667 mortuaria,
489 1639 604 1667 decimas,
617 1646 667 1661 una
685 1646 742 1661 cum
761 1638 898 1669 majoribus
911 1639 1013 1663 decimis
1025 1640 1105 1663 tocius
1118 1641 1236 1665 Parochie

175 1673 206 1696 de
225 1672 432 1696 Burdelescombe
451 1671 584 1698 antedicte,
599 1671 708 1701 exceptis
727 1671 829 1694 decimis
843 1672 981 1702 majoribus
999 1679 1060 1702 quas
1078 1681 1122 1703 pro
1138 1673 1236 1697 Vicario

173 1705 288 1736 superius
308 1704 496 1735 assignavimus,
515 1704 631 1727 volumus
643 1704 761 1734 predictis
773 1704 906 1727 Abbatisse
922 1707 947 1728 et
966 1705 1115 1735 Conventui,
1128 1707 1235 1730 auctori-

172 1740 226 1762 tate
238 1738 360 1769 presentis
372 1740 458 1760 nostre
467 1736 644 1765 Ordinacionis,
655 1736 809 1767 integraliter
821 1744 954 1760 remanere¹
990 1737 1031 1761 Ita
1043 1739 1118 1768 quod,
1128 1738 1148 1761 si
1158 1739 1234 1762 curti-

171 1771 235 1801 lagia
247 1771 277 1794 de
289 1770 382 1801 quibus
390 1769 554 1800 premittitur,
568 1771 593 1792 et
602 1777 632 1792 ex
642 1769 734 1799 quibus
744 1769 856 1792 Vicarius
865 1770 909 1800 qui
917 1778 961 1800 pro
970 1772 1082 1801 tempore
1091 1771 1169 1794 fuerit
1177 1779 1233 1802 per-

171 1804 251 1834 cipere
269 1803 343 1826 debet
362 1803 468 1833 majores
486 1802 593 1825 decimas
610 1804 635 1825 et
647 1802 762 1830 minores,
775 1802 800 1824 in
818 1802 996 1832 agriculturam
1015 1805 1086 1826 extra
1103 1804 1234 1835 curtilagia

170 1836 264 1859 futuris
283 1835 439 1866 temporibus
458 1835 563 1858 forsitan
581 1835 633 1857 sint
650 1835 757 1863 redacta,
773 1834 886 1858 Vicarius
904 1835 948 1865 qui
966 1843 1011 1865 pro
1028 1838 1140 1866 tempore
1156 1836 1234 1861 fuerit

169 1872 262 1892 extunc
271 1870 373 1892 tantum
385 1867 504 1898 pereipiat
516 1868 547 1890 de
559 1867 674 1897 porcione
686 1867 717 1890 ad
730 1867 854 1896 predictos
863 1867 1023 1891 Abbatissam
1033 1870 1059 1891 et
1072 1869 1232 1893 Conventum

170 1901 285 1931 superius
305 1901 430 1929 assignata
442 1902 566 1930 quantum
580 1900 692 1923 Vicarius
709 1900 739 1922 de
755 1899 902 1930 hujusmodi
919 1900 1055 1931 curtilagiis
1066 1901 1092 1924 in
1105 1901 1231 1926 culturam

170 1934 277 1957 redactis
295 1936 457 1964 percepturus
475 1933 553 1955 fuerit
567 1931 642 1962 juxta
659 1932 791 1955 arbitrium
807 1932 865 1955 boni
885 1932 937 1956 viri,
973 1933 1015 1960 Et,
1031 1933 1051 1956 si
1067 1934 1151 1964 aliqua
1165 1937 1232 1959 terra

166 1975 218 1997 -que
234 1974 302 1990 nunc
319 1969 357 1989 est
374 1965 479 1994 arabilis,
490 1968 516 1988 et
533 1967 604 1988 extra
619 1965 756 1995 curtilagia,
766 1965 791 1987 in
808 1965 944 1995 curtilagia,
957 1965 1051 1989 futuris
1066 1967 1229 1997 temporibus,

169 1999 272 2023 forsitan
285 1999 319 2022 sit
330 1999 437 2027 redacta,
450 1998 541 2028 prefati
553 1997 687 2020 Abbatissa
700 2000 726 2020 et
744 1998 889 2021 Conventus
905 1998 936 2021 de
956 1998 1003 2021 hoc
1018 1998 1127 2022 decimas
1143 2007 1229 2024 omnes

167 2032 312 2063 percipiant,
329 2031 394 2054 sicut
412 2033 494 2054 essent
510 2030 568 2053 alias
583 2030 729 2060 percepturi.
766 2030 896 2058 Volumus,
913 2030 1096 2060 nichilominus,
1114 2034 1140 2055 et
1162 2033 1228 2056 ordi-

167 2073 256 2088 namus
276 2064 345 2095 quod
362 2064 445 2087 dictus
462 2063 582 2091 Vicarius,
600 2065 626 2086 et
644 2069 796 2085 successores
816 2063 855 2085 sui
872 2063 964 2086 Vicarii
981 2064 1024 2093 qui
1047 2072 1091 2094 pro
1114 2066 1227 2096 tempore

167 2099 249 2127 erunt,
272 2096 357 2120 omnia
379 2104 454 2119 onera
478 2095 608 2124 ordinaria,
635 2103 731 2118 necnon
758 2095 937 2125 invencionem,
961 2097 1179 2126 sustentacionem,
1200 2100 1227 2122 et

166 2129 349 2162 reparacionem
366 2129 499 2153 Librorum
515 2128 704 2152 Matutinalium
722 2129 748 2151 et
765 2127 870 2152 aliorum
889 2128 1100 2153 Ornamentorum
1117 2130 1227 2155 Ecclesia
