1328 2295
465 166 647 194 GENERAL
673 165 809 193 INDEX.
1151 157 1220 191 331

156 244 218 267 dicte
230 245 342 267 Parochie
357 245 382 267 in
398 244 474 274 pratis
489 245 540 273 jam
556 244 714 267 existentibus
730 244 754 266 et
770 242 883 265 faciendis
900 258 905 264 .
925 259 930 264 .
952 242 1017 269 ;lini,
1030 242 1112 269 eciam,
1126 241 1217 269 canabi,

156 274 264 302 piscium,
277 281 368 296 necnon
384 274 499 296 decimam
510 280 714 303 quarumcumque
729 279 808 295 rerum
820 272 845 294 in
856 271 986 300 curtilagiis
999 272 1050 300 jam
1061 271 1219 294 existentibus

157 304 181 325 et
191 303 339 332 inposterum
350 304 463 326 faciendis
472 304 629 326 crescencium
646 320 651 326 .
671 320 675 325 .
694 309 748 325 cuni
759 302 840 330 vangis
851 301 968 328 excultis;
986 318 990 323 .
1011 319 1017 324 .
1035 300 1128 330 [eciam]
1140 307 1221 322 omnes

156 332 258 355 decimas
273 333 399 362 garbarum
416 333 445 355 de
460 333 518 355 villa
533 333 561 355 de
573 333 671 361 Tregeu,
690 349 694 355 .
715 349 720 354 .
739 332 822 354 ceteris
833 331 930 353 decimis
940 331 1018 353 tocius
1030 330 1142 353 Parochie
1159 329 1219 358 ejus-

155 362 217 390 dem,
230 370 278 385 uua
288 370 342 385 cum
352 363 450 385 decimis
461 363 578 390 fabarum,
592 363 706 391 pisorum,
720 368 849 389 researum,
863 361 887 383 in
898 361 988 389 campis
1004 378 1009 383 .
1029 377 1035 382 .
1053 359 1219 387 crescencium,

156 391 281 420 Prepo'sito
297 394 321 415 et
332 392 443 421 Capitulo
459 392 635 414 remanentibus
652 391 785 419 antedictis,
804 408 809 413 .
828 408 833 413 .
853 390 917 420 [qni]
933 390 1027 412 solvant
1042 389 1106 411 dicto
1118 389 1221 411 Domino

156 421 264 444 Galfrido
281 429 352 444 unam
369 429 470 444 marcam
486 421 584 450 argenti,
597 421 621 443 in
638 421 772 443 subsidium
783 422 828 443 ete.
842 427 847 448 ;
864 421 910 443 and
921 427 947 443 so
959 426 997 448 on,
1010 426 1035 442 as
1046 419 1071 441 in
1081 419 1122 441 the
1133 425 1185 441 case
1196 418 1223 440 of

156 450 191 473 St.
204 451 312 480 Budock,
325 453 352 474 to
363 452 403 473 the
414 451 459 473 end
472 450 509 480 (23
520 452 592 479 Aug„
603 450 670 479 1315)
680 458 685 479 ;
703 449 766 473 10812.

69 488 116 520 St.
133 488 300 521 Germau's
324 490 458 531 Priory;
483 488 669 521 Orslinaoio
695 488 887 521 Camerart'i
904 487 1086 520 Prior-atus
1103 485 1222 519 Sancti

159 532 324 565 Germani
337 545 383 564 :—

129 574 259 598 Viszsstation
269 576 298 604 of
305 576 343 598 the
353 575 537 603 Arcweaconry
546 575 574 604 of
583 575 702 598 Cormoall
712 584 722 601 ‚¹
738 575 775 597 llic
784 575 874 604 Bz'shop
885 577 910 598 (ιι
918 575 951 597 St,
965 573 1147 602 Gewncm‘sfffl
1156 573 1223 595 Inter

157 607 235 627 cetera
250 605 368 634 siquidem
384 612 430 634 que
448 606 473 627 in
489 606 570 627 eadem
582 605 728 627 Visitacione
745 605 903 634 comperimus
914 604 1070 631 reformanda,
1083 603 1108 625 id
1119 602 1222 625 maxime

158 635 292 657 censuimus
309 642 358 657 esse
374 635 558 662 reformandum,
571 635 681 656 videlicet
697 635 770 663 qnod,
783 641 836 656 cnm
850 635 931 656 Frater
942 634 1067 660 Heuricus,
1080 639 1143 654 nunc
1156 632 1223 654 Prior

156 664 262 692 ejusdem
275 665 421 691 Monasterii,
434 671 481 686 una
500 671 553 686 cum
573 664 685 686 oneribus
705 671 751 693 que
770 671 812 686 sne
829 664 947 692 Dignitati
966 662 1117 689 incumbunt,
1138 663 1220 683 contra

159 694 254 716 Ordinis
270 695 308 716 sui
321 694 443 721 Instituta,
456 701 497 716 seu
514 694 598 716 saltem
617 695 698 715 contra
713 694 908 715 consuetudinem
924 693 948 715 in
964 693 1009 714 hac
1025 693 1092 721 parte
1107 692 1222 713 hactenus

158 724 281 751 usitatam,
295 723 404 746 Officium
416 723 543 745 Camerarii
559 724 583 745 in
599 723 681 745 eodeni
693 723 838 745 Monasterio
855 730 896 752 per
912 730 936 745 se
953 723 1026 751 gerat,
1039 721 1128 750 poterit
1139 721 1221 749 hujus-

158 753 223 775 modi
244 753 376 775 Camerarie
398 753 514 780 Officium,
537 753 602 775 dicto
625 753 704 774 Priore
730 760 801 781 super
822 753 866 774 hoc
892 752 1010 779 absoluto,
1033 758 1076 780 per
1096 758 1171 772 unum
1192 750 1221 772 de

159 783 283 805 Conventu
294 783 353 804 dicti
365 783 502 804 Mouasterii
514 782 644 809 honestius,
657 782 787 809 comodius,
801 784 825 804 et
841 782 965 804 decencins
976 788 1047 810 quam
1063 787 1106 809 per
1117 780 1222 802 Priorem

158 812 245 840 ipsum,
256 819 303 834 non
314 812 402 841 absque
414 819 485 834 causa
496 812 602 840 legitima
612 812 695 833 nicrito
707 812 851 840 supportari.
885 811 942 839 Nos,
953 811 1033 839 igitur,
1045 810 1074 832 ad
1085 817 1112 832 ea
1120 816 1166 838 que
1178 809 1222 831 Dei

158 843 215 864 sunt
230 843 309 864 nostre
328 841 415 864 mentis
430 841 544 863 intuitum
563 841 703 870 propensius
719 841 855 869 dirigentes,
870 848 898 863 ne
915 840 1079 869 disparitatem
1093 840 1116 861 in
1128 840 1220 868 prefato

159 871 304 893 Monasterio
315 878 329 893 a
340 871 422 893 ceteris
434 871 539 899 ejusdem
553 871 647 893 Ordinis
661 871 818 898 Monasteriis,
832 872 914 893 contra
929 870 1060 898 regularem
1071 869 1220 891 honestatem

159 902 183 922 et
193 900 268 929 ipsius
279 901 374 923 Ordinis
391 900 588 927 observacionem,
602 900 770 929 relinquamus,
784 907 838 922 cum
854 900 984 922 secundum
996 900 1093 921 Statuta
1105 898 1223 920 Canonica

159 930 258 959 singulis
270 930 378 952 Personis
390 932 446 952 sunt
454 930 535 953 Officia
546 930 638 958 singula
649 930 827 957 committenda,
836 929 918 951 habito
929 936 1000 957 snper
1010 929 1056 950 hiis
1067 935 1121 950 eum
1133 927 1222 950 eisdem

158 960 277 988 pluribus,
290 960 370 982 Priore
390 961 414 981 et
426 959 558 987 Conventu,
572 960 680 987 diligenti
689 961 801 987 tractatu,
815 959 844 981 de
861 959 966 988 ipsorum
984 958 1091 980 omnium
1107 959 1132 980 et
1142 957 1221 985 singu-

159 989 237 1011 lorum
255 989 379 1011 voluntate
396 989 502 1011 unanimi
521 991 544 1011 et
561 996 683 1017 consensu,
702 989 812 1011 volumus
828 990 852 1011 et
868 988 1004 1010 ordinamus
1020 987 1084 1016 quod
1101 987 1129 1009 de
1146 989 1222 1009 cetero

160 1019 226 1041 Prior
237 1019 341 1047 ejusdem
353 1019 490 1040 Monasterii
502 1019 542 1047 qui
554 1025 596 1047 pro
608 1020 714 1047 tempore
725 1019 797 1040 fuerit
809 1025 859 1040 eam
872 1018 948 1040 solum
961 1017 1129 1039 sollicitudinis
1140 1023 1222 1038 curam

159 1048 246 1071 habeat
258 1055 304 1077 que
315 1048 344 1070 ad
356 1048 444 1070 Prioris
456 1049 560 1077 pertinet
571 1048 726 1076 Dignitatem,
740 1048 858 1077 qnodque,
872 1048 931 1070 citra
943 1047 1039 1069 Festum
1052 1046 1136 1068 Sancte
1148 1046 1222 1073 Fidis,

160 1078 265 1106 Virginis
283 1078 305 1107 [6
318 1077 384 1107 Oct]
397 1079 505 1106 proximo
517 1079 663 1105 secuturum,
677 1078 780 1099 Persona
795 1077 824 1099 de
840 1077 904 1099 dicto
917 1077 1047 1104 Conventu,
1062 1076 1086 1098 in
1102 1076 1145 1098 hac
1156 1076 1224 1104 parte

159 1107 259 1136 ydonea,
282 1114 325 1136 per
342 1108 446 1129 Priorem
465 1107 604 1129 Monasterii
623 1107 731 1135 predicti,
751 1107 779 1129 de
801 1113 917 1129 consensu
935 1106 1070 1128 Conventus
1088 1106 1133 1133 sui,
1151 1106 1223 1134 prout

160 1137 319 1159 communiter
329 1137 401 1159 moris
413 1138 449 1159 est
460 1137 484 1158 in
495 1137 548 1158 aliis
559 1137 625 1158 Locis
637 1136 743 1164 ejusdem
755 1136 857 1164 Ordinis,
871 1136 901 1158 ad
912 1136 1041 1164 gerendum
1053 1136 1077 1157 et
1088 1135 1223 1157 faciendum

161 1166 270 1189 Officium
282 1166 410 1189 Camerarii
421 1167 444 1188 in
456 1166 535 1188 eodem
550 1166 694 1188 Monasterio
706 1166 842 1194 prefici-‘itur
855 1174 859 1193 ;
877 1167 901 1188 et
917 1166 950 1187 sic
961 1165 1079 1193 deinceps,
1093 1172 1146 1186 eum
1158 1164 1178 1186 is
1189 1165 1223 1186 ita

161 1196 280 1225 prefectus
291 1203 334 1224 per
344 1196 463 1225 prefatum
472 1196 583 1223 Priorem,
593 1202 620 1217 ex
633 1195 712 1224 aliqua
729 1203 800 1217 causa
811 1195 948 1217 racionabili
967 1202 1007 1216 seu
1022 1195 1089 1222 justa
1099 1194 1224 1216 absolutus

161 1226 234 1248 fuerit
252 1225 282 1248 ab
301 1226 383 1248 Officio
410 1225 537 1252 antedicto,
556 1225 620 1253 quod
642 1225 702 1247 alius
719 1226 774 1253 post
795 1232 856 1252 eum,
876 1225 975 1246 celerius
993 1231 1041 1253 quo
1060 1223 1157 1246 comode
1174 1224 1224 1245 fieri

161 1255 258 1283 poterit,
271 1255 342 1277 niodo
358 1255 431 1277 simili
448 1255 591 1283 proficiatur,
610 1255 781 1283 perpetualiter
797 1255 942 1276 observetur.
976 1254 1013 1281 Et,
1032 1253 1089 1282 quia
1104 1253 1224 1275 modicum

161 1284 373 1307 videturOfficium
384 1284 475 1313 aliquid
487 1285 511 1306 iu
526 1291 676 1313 quocumque
691 1284 742 1306 loco
754 1284 896 1306 constituere
908 1283 954 1305 nisi
965 1283 1056 1312 aliquid
1067 1283 1226 1311 assignaretur

161 1314 236 1336 eidem
254 1314 387 1336 subsidium
407 1314 545 1342 temporale,
564 1320 611 1342 quo
629 1313 747 1335 mediante
766 1315 862 1342 possent
883 1313 1045 1335 incumbencia
1062 1313 1138 1334 eidem
1155 1319 1226 1334 onera

161 1343 240 1366 debite
257 1343 401 1372 supportari,
415 1343 510 1371 idcirco,
524 1350 566 1372 pro
582 1343 752 1372 supportandis
769 1343 906 1371 hujusmodi
923 1342 1050 1364 camerarii
1063 1342 1138 1364 Officii
1150 1342 1224 1364 oneri-

160 1373 213 1401 bus,
236 1373 382 1402 subscriptas
401 1373 545 1395 deeimarum
570 1374 692 1401 porciones
713 1373 741 1394 de
760 1373 874 1394 Purochia
895 1372 997 1394 Ecclesie
1016 1372 1096 1394 Sancti
1113 1372 1223 1399 German,

160 1403 332 1432 provenientes,
350 1409 421 1431 quam
440 1403 536 1431 quidem
554 1402 680 1424 Eecieuam
700 1402 772 1424 iidem
790 1403 856 1424 Prior
873 1403 896 1424 et
915 1402 1051 1424 Conventus
1070 1401 1179 1429 optinent
1197 1401 1222 1423 in

160 1433 269 1461 proprios
280 1439 346 1460 usus,
359 1432 388 1454 de
399 1432 474 1460 ipsius
487 1432 574 1454 Prioris
585 1434 609 1454 et
620 1432 756 1454 Conventus
773 1431 873 1460 predicti
884 1438 994 1460 expresso
1006 1437 1127 1457 consensu,
1141 1430 1214 1459 hujus

161 1462 226 1484 modi
248 1462 379 1484 Camerarie
397 1461 479 1484 Officio
501 1468 529 1483 ex
551 1468 621 1489 nunc,
644 1463 724 1483 tenore
746 1461 904 1488 Prcsencium,
928 1461 1075 1482 annectimus
1102 1462 1126 1482 et
1151 1461 1225 1482 eciam

161 1492 323 1520 assignanius;
350 1491 467 1518 videlicet,
492 1491 594 1513 decimas
620 1491 746 1519 garbarum
767 1491 878 1513 villarum
900 1490 929 1512 de
950 1490 1121 1512 Binorehatudi
1147 1491 1171 1512 et
1197 1490 1226 1512 de

162 1520 370 1550 Benalraylondin
378 1521 459 1542 eadem
471 1520 592 1548 Paroa-hia,
605 1523 629 1542 et
645 1520 745 1542 aliarum
757 1520 868 1542 villarum
880 1527 926 1548 que
938 1520 1095 1541 communiter
1105 1520 1226 1548 pertinent

160 1550 191 1572 ad
202 1550 303 1573 easdem.
336 1551 374 1572 Ita
383 1550 447 1579 qnod
459 1557 487 1572 ex
496 1557 509 1571 n
514 1557 558 1571 unc
569 1550 648 1572 eedem
657 1550 746 1572 decime
756 1550 894 1578 sumptibus
904 1549 980 1571 Officii
988 1549 1116 1571 Camerarii
1123 1549 1225 1577 predicti

162 1580 313 1609 colleganffln
337 1580 458 1607 uniantur,
479 1579 617 1606 vendantur,
641 1581 664 1601 et
686 1579 746 1601 circa
768 1586 838 1601 onera
858 1578 996 1607 hujusmodi
1018 1578 1093 1600 Officii
1115 1579 1139 1600 in
1160 1578 1225 1601 dicto

163 1610 308 1632 Monasterio
325 1611 477 1638 apponantur
496 1610 569 1638 prout
584 1609 658 1637 magis
670 1609 747 1631 visum
764 1609 836 1631 fuerit
852 1609 968 1637 expedire.
1002 1608 1128 1635 Volumus,
1142 1608 1224 1636 eciam,

163 1640 187 1661 et
205 1639 341 1661 ordinamus
357 1639 422 1668 quod
439 1639 557 1667 prefectus
575 1639 599 1660 in
616 1638 755 1667 hujusmodi
772 1639 903 1660 Camerarie
920 1637 1008 1665 Officio,
1022 1639 1050 1659 ut
1066 1637 1224 1666 premittitur,

163 1669 234 1691 semel
245 1669 269 1690 in
280 1675 349 1697 anno,
362 1675 416 1690 cum
428 1668 452 1690 id
463 1668 639 1697 competencius
656 1668 706 1690 fieri
722 1668 818 1696 poterit,
831 1670 855 1690 et
871 1670 928 1690 tuuc
943 1674 986 1696 per
996 1668 1075 1695 ipsum
1086 1667 1191 1689 Priorem
1202 1669 1227 1689 et

163 1698 310 1721 Conventum
323 1705 394 1727 super
404 1698 447 1720 hoc
459 1698 588 1726 requisitus
595 1698 673 1724 fuerit,
684 1697 713 1719 de
727 1697 879 1726 porcionibus
887 1697 1031 1719 decimarum
1043 1696 1136 1725 prefato
1145 1697 1227 1719 Officio

163 1728 259 1750 annexis
276 1729 299 1750 et
310 1728 435 1756 assignatis
451 1728 573 1749 racioeinia
587 1727 670 1749 reddat
681 1728 705 1748 in
721 1727 842 1755 presencia
853 1726 989 1754 eorundem,
1002 1726 1040 1748 vel
1052 1726 1136 1748 saltem
1147 1727 1226 1749 visum

163 1757 188 1779 in
199 1764 226 1780 ea
236 1758 303 1786 parte
315 1757 348 1779 eis
363 1757 436 1779 faciat
446 1758 628 1786 competentem.
662 1757 699 1783 Et,
713 1758 732 1778 si
744 1757 802 1785 qnid
819 1758 906 1779 extunc
917 1756 981 1778 ultra
998 1755 1105 1784 predicta
1116 1763 1186 1778 onera
1197 1756 1226 1778 de

163 1787 252 1809 eisdem
270 1786 422 1815 porcionibus
433 1786 554 1808 residuum
566 1786 645 1813 fuerit,
658 1786 683 1808 id
692 1787 762 1814 juxta
770 1786 950 1808 Ordinacionem
963 1785 1057 1812 Prioris,
1070 1785 1099 1807 de
1110 1792 1226 1807 consensu

165 1816 301 1839 Conventus
312 1816 358 1844 sui,
371 1816 395 1838 in
406 1816 536 1838 utilitatem
548 1815 606 1837 dieti
616 1816 754 1838 Monasterii
764 1817 924 1838 convertatur.
958 1815 1026 1842 Cum,
1037 1821 1099 1842 vere,
1109 1815 1133 1837 in
1144 1815 1227 1837 eodem

165 1846 309 1868 Monasterio
321 1845 415 1867 Novicii
426 1846 514 1867 fuerint
525 1845 561 1867 vel
570 1845 689 1873 Canonici,
699 1847 726 1867 nt
737 1846 872 1874 frequenter
883 1844 976 1871 accidit,
989 1845 1013 1866 in
1021 1844 1124 1867 firmaria
1134 1845 1227 1867 racione

164 1875 317 1903 infirmitatis,
331 1882 371 1897 seu
384 1882 412 1897 ex
423 1876 507 1904 quavis
523 1875 570 1896 alia
582 1882 651 1897 cansa
665 1875 738 1903 justa,
752 1875 878 1897 eorundem
892 1874 1045 1896 Noviciornm
1062 1873 1119 1896 dum
1132 1874 1226 1896 Novicii

164 1905 260 1932 fuerint,
273 1906 297 1927 et
308 1905 479 1927 Cauonicornm
499 1905 556 1926 dum
573 1905 653 1926 taliter
669 1905 692 1926 in
710 1904 812 1926 firmaria
827 1911 917 1926 moram
934 1903 1039 1930 fecerint,
1053 1903 1135 1925 Porcio
1147 1903 1228 1925 debita

165 1934 241 1956 Priori
252 1935 308 1956 Loci
323 1941 366 1964 pro
383 1935 490 1962 ipsorum
507 1934 614 1962 singulis,
627 1934 690 1956 sicut
707 1934 748 1955 alii
760 1934 871 1956 Canouiei
889 1934 917 1955 ilc
930 1934 1054 1955 Conventu
1070 1933 1094 1954 in
1105 1933 1149 1955 hac
1160 1935 1227 1961 parte

165 1964 316 1992 singulariter
341 1964 484 1992 percipiunt,
503 1971 517 1985 a
537 1964 629 1992 prefato
651 1964 785 1985 Camerario
806 1964 941 1991 tribuatur3
969 1962 1018 1991 qui,
1042 1962 1145 1991 quidem,
1160 1963 1227 1984 Prior

165 1994 253 2015 eisdem
265 1993 371 2015 Noviciis
387 1995 410 2015 et
421 1993 545 2015 Canonicis
556 1993 580 2014 in
597 1993 699 2015 firmaria
710 1993 918 2020 commorantibus,
932 1994 959 2014 ut
970 1994 1006 2014 est
1018 1992 1118 2020 dictum,
1131 1992 1226 2014 interim

165 2023 245 2051 quoad
265 2022 308 2044 hoc
330 2023 460 2044 necessaria
480 2022 653 2044 subministret.
697 2022 767 2044 Salva
789 2022 857 2044 nobis
883 2024 907 2044 et
928 2021 1108 2044 Successoribns
1129 2022 1223 2049 nostris,

167 2052 290 2080 Episcopis
311 2052 492 2080 Exoniensib‘us,
521 2053 639 2080 potestate
660 2052 798 2080 hujusmodi
820 2052 977 2073 Voluntatem
1003 2053 1026 2073 et
1048 2051 1228 2073 ordinacionem

165 2083 269 2103 nostram
281 2081 390 2109 augendi,
403 2081 533 2108 minuendi,
546 2081 688 2109 declarandi,
702 2082 812 2110 ipsasque
822 2081 957 2103 inmutandi
968 2081 992 2102 in
1004 2081 1090 2107 totum,
1103 2080 1131 2107 si,
1144 2082 1223 2109 prout,

165 2112 189 2132 et
205 2110 299 2139 quando
325 2110 454 2133 viderimus
480 2117 521 2133 sen
544 2111 645 2133 viderint
672 2111 851 2139 expedire.—In
877 2111 945 2138 cujus
971 2110 1139 2132 etc—Datum
1161 2110 1226 2139 apud.

165 2139 403 2193 {fawittonesoitlll'timo
422 2140 459 2162 die
476 2140 562 2163 mensis
574 2141 685 2170 Augusti,
698 2141 768 2163 Anno
779 2140 874 2163 Domini
888 2139 1015 2162 millesimo
1028 2139 1120 2162 CCCmo
1132 2139 1225 2168 quinto-

181 2170 270 2198 ecim0;
327 2172 331 2185 ·
347 2186 352 2192 .
