1328 2295
107 137 156 174 80

312 149 384 175 THE
411 149 585 175 REGIS'I'ER
613 150 657 176 OF
686 150 819 177 BISHOP
849 151 1065 177 STAPELDON.

204 225 343 251 inhibitum
351 227 403 252 fuit
414 227 496 252 eidem
509 228 631 259 Episcopo
640 236 672 252 ne
681 228 698 253 J
700 228 889 252 urisdiccionem
899 247 904 252 .
923 247 928 253 .
948 247 953 253 .
973 231 1098 254 exerceret
1115 247 1120 253 .
1140 247 1145 252 .
1165 246 1180 258 .,
1192 229 1268 258 quod,

204 259 315 289 quidem,
333 260 474 284 Recordum
494 261 618 285 Dominus
635 261 690 285 Rex
706 262 875 292 postmodum,
892 262 924 285 ad
941 264 1034 285 sectam
1054 262 1132 292 ipsius
1152 261 1270 292 Episcopi

206 292 367 316 cicestrensis
387 293 543 324 suggerentis
566 301 674 317 errorem
696 294 723 317 in
746 295 833 318 eodem
857 295 967 318 Recordo
991 295 1162 323 intervenisse,
1185 301 1268 317 coram

206 325 316 349 Consilio
327 333 373 349 suo
384 326 411 349 in
424 326 592 350 Parliamento
604 329 746 356 convocato,
759 327 826 357 apud
835 327 1095 356 Westmonasterium,
1104 327 1177 350 Anno
1189 326 1269 357 Regni

205 357 247 381 sui
265 358 338 389 xvij0,
354 358 438 382 venire
454 359 532 387 fecit;
550 365 600 388 quo
618 359 729 383 Recordo
749 359 843 383 ibidem
861 360 965 383 recitato
983 362 1009 383 et
1020 360 1119 390 plenius
1131 359 1267 385 intellecto.

205 390 273 414 idem
294 391 436 415 Recordum
452 399 496 422 per
516 391 654 415 Consilium
674 392 748 422 Regis
770 392 865 415 ibidem
885 392 1038 416 affirmatum
1060 394 1104 416 est.
1149 392 1184 415 Et
1201 392 1268 415 idem

206 423 339 453 Robertus,
349 426 380 447 ut
398 424 430 447 de
444 424 501 454 jure
513 424 619 455 proprio,
632 424 729 448 nullam
747 424 953 448 Jurisdiccionem
970 425 1061 448 clamat
1074 425 1101 448 in
1116 425 1203 448 eadem
1219 424 1269 447 nisi

205 457 309 479 tantum
335 456 367 480 de
392 456 512 480 Mandato
541 457 619 487 ipsius
642 457 765 487 Episcopi,
786 457 831 487 qui
856 465 901 488 per
923 457 1105 481 Inhibicionem
1130 457 1269 488 predictam

205 488 367 519 restringitur
384 490 410 512 et
427 489 526 519 ligatur,
544 497 576 513 ne
593 489 801 513 Jurisdiecionem
825 489 982 514 Ordinariam
1005 498 1118 514 exercere
1140 490 1219 521 possit
1241 489 1268 513 in

204 521 310 550 eadem3
334 529 380 545 nec
406 521 544 545 dedicendo
574 522 713 552 predictam
742 522 942 546 Prohibicionem
964 522 1012 546 sibi
1036 523 1168 546 liberatam
1191 522 1269 546 fuisse

204 553 280 577 Anno
297 554 378 585 Regni
398 554 472 585 Regis
486 562 554 578 nunc
565 554 628 585 xvj0‚
641 555 758 586 cognovit
770 562 795 578 se
811 555 827 579 J
831 555 1017 579 urisdiccionem
1035 555 1199 584 ordinariam,
1212 557 1267 584 etc,

205 586 350 615 exercuisse,
374 588 428 610 tam
450 594 465 610 a
487 589 600 618 tempore
622 587 788 611 revocacionis
811 588 922 618 predicte
947 588 1128 612 Prohibicionis
1149 587 1268 611 assertive

204 625 281 648 quam
303 621 362 650 post
384 619 508 651 predictas
528 619 727 644 Prohibicionem
749 620 797 643 sibi
813 620 861 651 ipsi
884 620 996 651 predicto
1016 628 1081 644 anno
1099 620 1267 644 sextodecimo

204 651 343 681 liberatam,
355 654 380 676 et
396 651 578 676 Inhibiciouem
594 653 706 683 predicto
722 653 846 684 Episcopo
864 661 908 684 per
926 653 941 677 J
945 653 1055 677 udieium
1073 653 1154 682 Curie,
1167 655 1198 677 ut
1211 660 1266 683 pre-

202 684 300 708 dictum
323 687 369 714 est,
392 684 493 714 factam,
517 688 543 709 et
565 685 647 709 adhuc
670 688 768 709 exercet
790 685 816 709 in
837 686 963 716 presenti3
988 694 1032 716 per
1051 693 1135 716 quam,
1153 685 1264 715 quidem,

204 716 386 741 Inhjbicionem
397 717 465 741 idem
482 718 620 749 Episcopus
638 718 798 748 restringitur
815 721 840 741 et
852 718 951 749 ligatur,
965 722 994 742 ut
1007 719 1146 749 predictum
1160 721 1206 748 est,
1219 720 1265 741 etc.

203 752 229 773 et
240 757 285 781 per
296 757 449 780 consequens
457 750 512 781 ejus
521 751 631 774 ministri
640 751 710 781 ligari
721 751 813 774 debent
821 753 846 774 et
858 751 979 781 restringi.
991 751 1265 775 etc.—Considerat11m

203 784 242 806 est
250 783 318 812 quod
330 783 458 814 predictus
471 783 595 807 Robertus
608 784 639 807 de
652 783 728 807 Derbi
740 784 859 815 capiatur,
870 786 916 807 etc.
953 784 1014 814 [Ful.
1030 782 1074 808 231³
1086 784 1106 807 is
1119 783 1202 814 blank,
1215 783 1266 807 and

203 815 244 839 foL
259 816 290 839 24
301 815 347 839 has
358 815 421 840 been
433 818 477 840 cut
489 815 552 845 outl.

192 951 457 984 Mamorandum
474 951 512 983 de
528 951 742 989 Emonam,—

170 996 364 1020 Memorandum
381 996 450 1026 quod
465 996 606 1026 penultimo
623 996 664 1019 die
681 996 774 1020 Mensis
793 996 878 1020 Marcii
894 995 987 1027 [1321],
1001 996 1132 1026 Dominus,
1146 997 1264 1020 accedens

202 1029 270 1060 apud
287 1029 418 1057 Boseham,
436 1029 530 1052 ibidem
547 1029 645 1052 audivit
665 1036 693 1052 eo
714 1029 753 1052 die
775 1029 876 1052 Missam
896 1037 975 1058 suam,
994 1032 1020 1052 et
1042 1031 1099 1060 post
1116 1029 1263 1060 hujusmodi

202 1062 317 1086 auditam
327 1062 437 1091 Missam,
449 1061 544 1085 vocatis
558 1069 640 1085 coram
659 1069 687 1085 eo
703 1061 808 1085 Vicariis
824 1062 932 1085 Ecclesie
948 1062 1033 1093 ipsius,
1046 1062 1155 1092 quesivit
1172 1062 1204 1086 ab
1215 1063 1264 1086 illis

202 1094 259 1124 quis
281 1096 380 1118 teneret
406 1094 563 1118 Prebendam
587 1094 756 1118 Parochialem
779 1094 879 1118 ibidem.
927 1095 969 1124 Et,
993 1102 1051 1118 cum
1073 1095 1150 1118 iidem
1172 1095 1264 1119 Vicarii

201 1127 314 1151 dicerent
334 1127 443 1151 Domino
465 1127 534 1157 quod
556 1127 659 1157 quidam
679 1127 798 1156 Magister
818 1127 945 1151 Johannes
965 1127 997 1151 de
1018 1127 1178 1157 Malmesbiri,
1195 1128 1262 1151 idem

201 1160 332 1189 Dominus,
361 1160 517 1191 perpendens
545 1160 673 1183 defectum
701 1160 875 1183 Ministrorum
905 1160 936 1183 ad
962 1160 1153 1183 deserviendum
1182 1161 1262 1184 eidem

201 1193 310 1216 Ecclesie
322 1193 348 1216 in
360 1192 465 1222 Divinis,
478 1192 634 1216 considerato
646 1195 715 1216 statu
728 1193 849 1223 ejusdem,
862 1192 962 1216 monuit
974 1193 1100 1223 prefatum
1113 1193 1262 1223 Magistrum

201 1226 352 1255 Johannem,
363 1225 390 1249 in
408 1233 540 1256 personam
559 1225 692 1256 cujusdam
709 1225 811 1249 Domini
827 1225 945 1248 Willelmi
962 1225 984 1248 le
1000 1225 1067 1255 Scot,
1079 1225 1139 1249 alias
1149 1226 1216 1251 ,dicti
1231 1226 1263 1250 cie

202 1258 347 1288 Schorham,
366 1258 505 1289 presbiteri,
523 1258 645 1288 presentis
663 1260 689 1281 et
704 1266 730 1281 se
746 1258 873 1281 Vicarium
889 1258 950 1281 dicti
967 1258 1081 1288 Magistri
1100 1258 1223 1282 ,Iohannis
1238 1261 1265 1283 et

201 1291 331 1315 Prehende
349 1290 499 1315 Parochialis
518 1293 655 1314 memorate
672 1290 1039 1320 Vicarium·1sserentis,quod
1060 1291 1127 1314 idem
1146 1291 1265 1322 Magister

201 1324 337 1353 Johanues,
349 1323 415 1347 infra
432 1325 489 1347 octo
506 1323 657 1354 septimanas
673 1331 688 1346 a
705 1324 816 1354 predicto
834 1323 882 1352 die,
899 1310 1047 1354 huJ'iismodi
1065 1323 1221 1347 Prebendam
1239 1327 1265 1348 et

201 1356 338 1380 Ecclesiam
360 1356 454 1386 redeat,
474 1356 588 1379 facturus
610 1356 772 1379 residenciam
791 1356 816 1379 in
837 1342 931 1384 eadem,
952 1356 999 1379 sub
1018 1364 1082 1386 pena
1097 1356 1170 1387 juriS,
1175 1357 1265 1380 —Pre-

202 1389 477 1420 sentibus—Magistris
491 1389 602 1412 Waltero
619 1389 650 1412 de
663 1389 755 1412 Setone
771 1391 797 1412 et
809 1389 933 1412 Willelmo
950 1389 981 1412 de
1000 1389 1035 1412 La
1047 1389 1130 1417 Lane;
1150 1389 1265 1413 Dominis

202 1422 278 1446 Petro
301 1422 332 1445 de
355 1422 492 1450 Honitone,
514 1421 630 1445 Johanne
654 1421 761 1445 Sacrista
784 1421 850 1444 dicte
874 1421 989 1450 Eeclesie,
1014 1421 1138 1445 Willelmo
1166 1422 1263 1452 Russel,

203 1455 299 1485 Rogero
318 1455 350 1478 de
370 1454 539 1484 Buddeleghe,
560 1454 712 1484 presbiteris,
733 1456 758 1477 et
778 1454 832 1477 aliis
852 1454 878 1477 in
899 1454 1064 1478 multitudine
1084 1454 1188 1485 copiosa.
1230 1455 1265 1479 Et

203 1487 302 1517 abinde,
314 1487 402 1511 eodem
414 1487 462 1517 die,
474 1487 541 1510 idem
559 1487 683 1510 Dominus
699 1494 817 1517 peragens
838 1487 870 1510 ad
887 1486 1043 1510 Prebendam
1056 1489 1082 1510 et
1094 1487 1221 1518 Capellam
1233 1488 1264 1512 de

202 1520 396 1551 Appeldreham,
408 1522 495 1543 vocato
508 1527 590 1543 coram
606 1527 635 1543 eo
653 1519 745 1542 ibidem
766 1519 874 1542 Domino
891 1519 987 1542 Thoma
999 1521 1116 1550 attegate,
1131 1520 1264 1551 Capellano

202 1553 269 1577 dicte
280 1552 389 1583 Capelle,
401 1552 428 1576 in
445 1552 525 1576 forma
537 1552 663 1581 visitandi,
676 1552 786 1583 inspexit
802 1552 897 1580 Libros,
910 1552 1074 1578 Vestimenta,
1087 1554 1113 1576 et
1124 1553 1172 1576 alia
1184 1553 1262 1577 Orna-

202 1587 288 1609 menta
308 1585 387 1616 ipsius
408 1585 712 1616 Capelle,—Presentibus
732 1585 836 1615 prefatis
859 1584 969 1608 Waltero
993 1585 1023 1608 de
1047 1585 1140 1609 Setone
1163 1588 1189 1609 et
1208 1586 1262 1610 aliis

208 1618 294 1642 bidem
305 1618 476 1649 sequentibus,
489 1618 541 1642 solo
554 1617 680 1641 Willelmo
692 1618 723 1641 de
736 1618 771 1641 La
784 1618 851 1641 Lane
863 1617 998 1641 dumtaxat
1006 1620 1123 1648 excepto:
1143 1618 1196 1643 157.

235 1679 425 1711 Omnmissvbpro
436 1679 601 1704 conservanda
612 1678 793 1703 Jurisdiccione
802 1678 904 1702 Domini
917 1680 944 1702 in
954 1678 1040 1703 Libera
1051 1678 1149 1710 Capella
1158 1677 1261 1702 Domini

266 1713 316 1743 Rey
318 1714 338 1736 is
349 1712 379 1736 de
390 1712 507 1736 Boseham
520 1712 616 1741 (Nota),
618 1726 649 1729 —

168 1745 302 1775 Walterus,
324 1745 485 1776 permissione
504 1745 595 1768 Divina
616 1744 764 1768 Exoniensis
788 1744 934 1775 Episcopus,
952 1744 1027 1774 Regis
1044 1745 1083 1768 An
1085 1744 1134 1775 glie
1156 1743 1261 1767 illustris

201 1778 294 1808 Regius
310 1778 467 1809 capellanus,
480 1778 587 1801 discreto
604 1777 664 1806 viro,
683 1777 791 1801 Domino
808 1777 839 1799 W
841 1777 918 1800 altero
937 1777 968 1800 de
986 1777 1136 1806 Shireforde,
1153 1776 1262 1800 Ecclesie

200 1819 244 1835 seu
257 1811 309 1841 Cap
310 1811 357 1834 elle
370 1811 458 1834 Libere
469 1810 531 1834 dicti
543 1810 646 1834 Domini
656 1810 742 1839 nostri,
756 1809 830 1840 Regis
842 1809 899 1840 Ang
900 1809 939 1838 lie,
952 1810 984 1833 de
1000 1810 1123 1833 Boseham
1136 1808 1260 1833 Canonico

199 1846 227 1867 et
243 1819 357 1873 Sacrpiste,
375 1843 491 1873 salutem,
507 1845 553 1867 etc.
556 1843 698 1866 —Ecclesie
713 1850 756 1866 seu
774 1842 874 1873 Capelle
883 1817 979 1866 gLibere
997 1843 1028 1866 de
1048 1842 1170 1866 Boseham
1187 1841 1260 1872 preli-

199 1876 265 1905 bate,
280 1876 396 1906 precipue
413 1878 539 1906 quantum
559 1875 590 1899 ad
609 1875 729 1904 Chorum,
746 1875 890 1904 Canonicos,
909 1875 1026 1905 Vicarios,
1043 1878 1067 1899 et
1089 1881 1260 1905 quoscumque

199 1909 328 1932 Ministros
346 1908 428 1937 Chori,
442 1908 584 1932 Prebendas
599 1907 713 1939 ejusdem
729 1915 757 1931 ac
773 1908 837 1931 bona
856 1907 1079 1931 Prebendariorutn
1098 1915 1147 1937 que
1166 1907 1261 1930 ibidem

199 1942 323 1972 optinent,
340 1941 465 1972 pertinere
480 1940 619 1964 dinoscitur
638 1940 803 1969 Presidentes,
819 1947 847 1963 ac
865 1942 996 1971 propterea
1014 1942 1045 1964 ut
1062 1948 1143 1964 mores
1159 1940 1260 1963 illorum

198 1974 243 2004 qui
260 1974 332 1997 nobis
349 1974 475 1997 occasione
493 1973 629 2003 Capellarie
646 1973 794 2004 hujusmodi
811 1972 913 1996 subesse
931 1975 1078 2002 noscuntur,
1096 1973 1181 1996 debite
1198 1972 1259 1995 cori-

197 2009 290 2037 gantur
308 2006 369 2036 (sic),
381 2014 409 2029 ac
425 2006 507 2029 eidem
526 2006 634 2029 Ecclesie
651 2014 695 2029 seu
713 2005 813 2036 Capelle
829 2005 856 2028 in
877 2005 974 2029 Divinis
993 2006 1086 2029 Officiis
1101 2005 1260 2029 laudabiliter

198 2039 364 2068 ministretur,
387 2046 487 2062 summo
509 2046 583 2069 opere
605 2038 742 2069 cupientes,
769 2038 801 2061 ad
830 2038 1018 2067 inquirendum,
1041 2038 1210 2069 corigeudum,
1233 2044 1261 2060 ac

199 2072 315 2096 canonice
337 2071 495 2102 puniendum
518 2077 736 2101 quorumcumque
759 2071 919 2094 subditorum
946 2073 1090 2095 nostrorum
1113 2069 1261 2101 hujusmodi

198 2111 319 2133 excessus,
335 2112 431 2128 necnon
443 2104 475 2127 ad
487 2103 687 2134 compellendum
704 2103 889 2127 Concanonicos
900 2105 1002 2132 vestros,
1016 2103 1133 2132 Vicarios,
1147 2102 1260 2131 Clericos,

198 2140 225 2162 et
247 2137 376 2163 Ministros
400 2136 508 2162 Ecclesie
531 2144 575 2160 seu
599 2136 698 2169 Capelle
721 2136 817 2170 prefate
840 2135 963 2161 Divinum
993 2136 1117 2168 Officium,
1138 2136 1260 2160 diurnum
