1328 2295
196 160 270 189 THE
296 159 472 189 REGIST'ER
500 160 545 189 OF
570 160 703 188 BISHOP
731 160 960 189 STAPELDON.
1143 153 1162 188 5

99 249 205 272 persona
227 249 280 271 sua,
304 241 383 265 immo
406 249 451 272 per
473 242 631 264 attornatum
653 248 729 264 suum
749 248 825 271 quem
850 240 910 264 fecit
932 249 1018 264 versus
1041 242 1163 272 prefatam

98 274 241 298 Johannam
252 274 279 298 in
291 274 404 305 predicto
421 273 523 303 Placito,
534 282 578 304 per
592 274 660 304 quod
674 281 724 297 non
741 276 824 303 potest
836 274 867 297 ad
879 273 1074 297 verificacionem
1087 283 1164 305 quam

97 307 224 337 predictus
243 307 381 338 Episcopus
397 307 525 337 pretendit
542 307 697 337 respondere,
710 308 856 337 preceptum
872 309 910 329 est
928 307 1075 330 Vicecomiti
1091 309 1159 338 quod

97 348 141 370 per
159 340 256 370 probos,
276 342 330 368 etc,
352 339 413 363 scire
433 340 526 363 faceret
548 339 659 370 predicte
681 339 785 362 Isabelle
804 339 872 369 quod
894 339 926 362 sit
946 339 985 362 hic
1008 339 1034 363 111
1058 340 1160 364 Octabis

98 372 183 396 Sancti
216 371 232 395 J
235 372 339 396 ohannis
372 372 485 403 Baptiste
514 380 557 402 per
588 372 605 396 J
607 372 744 395 usticiarios
768 372 800 395 ad
823 372 1025 402 respondendum
1047 373 1159 402 predicto

96 405 226 435 Episcopo,
235 407 282 429 etc.
319 405 391 428 Idem
408 405 461 428 dies
478 405 553 428 datus
569 407 608 428 est
626 404 743 435 predictis
760 404 882 435 Episcopo
900 407 925 428 et
941 405 1056 428 Johanne
1074 405 1113 428 hic
1132 406 1158 429 in

97 438 196 466 Banco;
218 440 244 461 et
262 445 337 468 super
355 437 401 461 hoc
421 438 508 461 eadem
527 437 643 461 Johanna
660 437 757 460 invenit
772 439 961 467 manucaptores
976 437 1084 461 habendi
1105 446 1158 468 pre·

98 470 177 494 dictas
189 470 291 494 heredes
303 470 344 493 hic
355 470 387 493 ad
399 470 526 501 prefatum
538 470 692 498 Terminum,
706 472 732 493 et
747 469 782 493 sic
801 470 832 493 de
851 470 890 492 die
906 470 932 493 111
948 470 1014 493 diem
1027 478 1159 501 qmjusque

97 505 163 530 etc.;
181 503 282 532 scilicet,
302 503 457 526 &Villelmum
481 503 630 526 Herewarde
654 503 685 526 de
706 502 836 526 Comitatu
860 502 992 531 Cornubie,
1016 503 1159 527 ι10111111110111

98 535 193 566 Bloyou
218 536 249 559 de
272 535 359 559 eodem
388 535 524 564 Comitatn,
549 535 677 559 Oliverum
705 535 829 565 Tregasou
853 535 883 558 de
907 535 994 558 eodem
1020 536 1155 566 comitatu,

95 568 258 598 Radulphum
274 568 305 591 de
321 568 424 591 Penwre
435 568 466 591 de
478 568 566 591 eodem
579 568 715 596 Comitatu,
729 568 854 598 Rogerum
873 568 916 591 Fiz
934 568 1011 591 Rican
1029 569 1060 592 de
1073 569 1156 592 Comi-

97 602 152 624 tatu
165 601 284 628 Devonie,
297 603 323 624 et
334 601 350 624 J
352 601 476 624 ohannem
488 601 519 624 de
532 600 637 630 Oajgnes
649 600 680 623 de
693 600 780 623 eodem
793 600 929 629 Comitatu,
943 603 989 624 etc.

65 633 160 662 Postea,
172 634 204 657 ad
216 633 283 657 diem
294 633 367 657 11111111
379 633 448 656 venit
459 635 512 656 tam
524 633 630 663 predicti
646 633 783 663 Episcopus
799 635 825 656 et
840 632 947 656 Isabella.
958 641 1034 664 quam
1046 634 1159 664 predicta

95 666 218 695 Johauna,
226 666 252 689 in
264 666 368 697 propriis
379 666 488 696 personis
500 666 551 689 suis
562 673 568 694 ;
583 668 609 689 et
621 666 707 689 eadem
720 666 735 689 J
738 665 836 689 ohanna
848 666 969 696 produxit
981 666 1020 689 hic
1032 667 1156 697 predictas

96 699 268 722 Elizabethatn
284 701 311 722 et
326 698 475 728 Johannam,
488 698 551 722 filias
568 700 594 722 et
613 698 722 726 heredes,
738 700 784 721 etc.
820 698 854 721 Et
866 699 993 728 predictus
1007 700 1151 730 Episcopus,

94 731 160 755 sicut
176 731 252 762 prius,
268 731 329 755 dicit
343 731 411 761 quod
429 731 541 761 predicta
557 731 677 755 Custodia
693 731 724 754 ad
742 730 825 761 ipsum
844 731 1002 761 Episcopum,
1016 734 1042 755 et
1060 741 1110 756 uon
1123 733 1155 757 ad

97 764 234 794 predictam
251 764 383 787 Isabellam
403 764 519 794 pertinet,
538 763 597 794 qnia
619 763 680 787 dicit
695 764 763 793 quod
782 764 908 794 predictus
927 764 1062 794 Johannes,
1082 768 1153 795 pater

96 796 266 827 predictarum
281 796 410 825 heredum,
428 799 454 820 et
470 798 636 819 antecessores
653 796 692 819 sui
704 798 843 819 tenuerunt
860 796 1002 826 predictum
1015 798 1155 822 Manerium

97 829 128 852 de
146 830 259 860 Mudyon
277 830 308 852 de
324 829 378 860 ipso
391 829 512 859 Episcopo
530 831 557 852 et
574 829 791 852 Predecessoribus
808 829 866 858 suis,
878 831 903 852 et
918 829 1088 854 feoffatoribus
1104 831 1156 855 suis

97 864 123 885 et
132 870 218 885 eornm
228 862 432 889 antecessoribus,
442 870 485 892 per
497 861 626 892 antiquius
634 861 832 889 feoffamcutum,
841 870 884 891 per
895 862 1028 886 servicium
1040 863 1155 893 militare,

97 902 173 924 quam
185 897 323 918 tenuerunt
334 894 458 925 predictas
467 897 576 925 quatuor
588 902 655 917 acras
667 896 732 917 terre
749 894 926 918 Cornubiensis
938 895 969 918 cle
983 896 1094 925 predicta
1107 897 1156 920 Isa-

97 927 161 950 bella
173 929 199 950 et
210 927 406 951 antecessoribus
422 927 473 950 suis
484 935 489 956 ;
508 929 534 950 et
545 926 591 950 hoc
604 929 705 957 paratus
716 929 754 950 est
769 926 901 956 verificare,
915 930 961 951 etc.
998 928 1032 951 Et
1051 929 1157 952 isabella

96 960 157 983 dicit
169 960 237 990 quod
253 960 380 990 predictus
398 960 413 983 J
416 959 532 987 ohannes,
548 962 618 990 pater
632 959 800 990 predictarum
812 959 941 988 heredum,
954 962 980 983 et
992 963 1158 985 antecessores

97 993 142 1022 sui,
156 994 294 1016 tenuerunt
306 992 429 1023 predictas
440 992 476 1022 iiij
490 1000 557 1015 acras
566 994 632 1015 terre
642 992 819 1015 Cornubiensis
828 992 859 1015 de
871 992 924 1022 ipsa
937 993 1042 1016 Isabella
1051 996 1077 1017 ct
1089 997 1158 1018 ante-

96 1025 232 1048 cessoribus
252 1025 304 1048 suis
321 1033 364 1055 per
381 1025 510 1055 antiquius
527 1025 724 1053 feoffizmentum,
741 1033 784 1055 per
802 1025 932 1048 servicium
951 1026 1066 1055 militare,
1079 1034 1155 1056 quam

98 1060 234 1081 tenuerunt
247 1057 389 1088 predictum
402 1057 541 1080 Manerium
561 1057 592 1080 de
609 1057 721 1088 Mudyon
740 1057 770 1080 de
790 1057 902 1087 predicto
919 1058 1040 1089 Episcopo
1056 1062 1081 1082 et
1099 1060 1156 1083 Pre-

98 1090 268 1114 (lecessoribus
280 1090 339 1119 suis,
352 1092 378 1113 et
389 1089 560 1113 feoffatoribus
572 1090 623 1113 suis
636 1092 660 1113 et
678 1098 764 1113 eorum
780 1090 984 1114 antecessoribus.
1021 1092 1055 1115 Et
1066 1092 1096 1115 de
1109 1092 1155 1116 hoc

99 1123 170 1153 ponit
185 1131 301 1153 se.super
318 1123 425 1153 patriam
444 1124 470 1145 ct
486 1122 623 1152 Episcopus
641 1122 760 1146 similiter.
797 1123 856 1145 Ideo
874 1126 1019 1153 preceptum
1035 1126 1073 1147 est
1090 1125 1159 1149 Vice-

99 1155 185 1179 comiti
202 1156 270 1186 quod
289 1155 372 1179 venire
388 1155 481 1178 faceret
498 1155 545 1184 hic,
558 1163 572 1178 a
588 1155 628 1178 die
646 1155 731 1178 Sancti
749 1155 876 1178 Michaelis
888 1155 913 1178 in
926 1164 958 1179 xv
971 1156 1031 1183 dies,
1045 1165 1088 1187 per
1100 1158 1158 1181 Jus-

99 1188 206 1211 ticiarios
218 1188 253 1219 xij
268 1190 322 1217 etc„
335 1196 379 1218 per
396 1195 466 1218 quos,
480 1190 534 1217 ete„
548 1190 572 1210 et
588 1187 639 1217 qui,
652 1190 708 1216 etc„
721 1190 746 1210 et
758 1188 945 1218 recogniciones,
958 1191 1012 1218 etc„
1026 1191 1084 1219 quia
1097 1193 1156 1219 tam,

97 1223 143 1244 etc.
179 1221 214 1244 Et
225 1221 351 1251 predictus
364 1220 501 1251 Episcopus
514 1220 597 1250 posuit
609 1220 661 1243 loco
673 1228 718 1243 suo
735 1220 897 1250 Radulphum
916 1221 1002 1251 Speke,
1014 1222 1053 1245 vel
1074 1223 1156 1246 Adam

97 1254 128 1276 de
141 1254 285 1281 Bauutone;
305 1256 330 1277 et
342 1253 454 1284 predicta
470 1253 575 1276 Isabella
592 1253 676 1283 posuit
693 1253 746 1276 loco
763 1261 807 1276 suo
821 1253 985 1277 Benedictum
997 1254 1019 1277 le
1032 1255 1104 1285 Bray,
1118 1256 1157 1279 vel

97 1286 239 1309 Johannem
248 1286 344 1315 Trelan,
355 1288 400 1309 etc.
428 1286 462 1309 Et
474 1285 526 1309 dies
538 1285 613 1309 dutus
625 1287 663 1308 est
675 1285 784 1315 predicte
797 1285 813 1309 J
815 1286 917 1314 ohanne,
929 1286 976 1316 hic,
989 1288 1020 1310 ad
1032 1289 1159 1318 prefatum

98 1319 252 1348 Terminum,
260 1319 292 1342 ad
301 1319 445 1342 habendum
456 1318 578 1348 predictas
587 1318 689 1341 heredes
698 1326 741 1348 per
750 1319 977 1348 manucapeionem,
988 1321 1158 1350 supradictam

99 1354 144 1374 etc.
180 1352 276 1381 Postea,
289 1351 436 1375 continuato
447 1351 505 1374 inde
517 1351 583 1374 inter
598 1359 639 1374 eos
657 1351 776 1374 Processu
787 1358 866 1380 usquc
884 1359 897 1374 a
909 1352 950 1375 die
963 1353 1054 1376 Pasche
1067 1353 1092 1376 in
1106 1356 1157 1377 tres

99 1384 257 1414 septimanas,
267 1384 340 1407 Anno
349 1383 428 1414 Regni
440 1383 513 1413 Regis
525 1391 592 1406 nunc
602 1383 670 1413 xviij,
679 1383 727 1406 uisi
739 1384 754 1407 J
757 1383 865 1407 ohannes
875 1384 906 1407 de
916 1385 1029 1413 Bonsser,
1040 1386 1079 1409 die
1088 1387 1103 1409 J
1106 1387 1158 1410 ovis

99 1417 279 1447 111-0111111001]ῐο
291 1416 521 1440 Annunciacionem
534 1417 609 1439 Beate
622 1416 698 1439 Marie
711 1416 750 1445 [21
766 1416 859 1444 March,
871 1417 978 1446 1324-5],
987 1419 1053 1448 apud
1068 1419 1158 1442 Lance-

99 1451 188 1473 vetone
200 1449 275 1480 prius,
285 1451 329 1473 etc.
360 1449 400 1472 Ad
412 1456 488 1479 quem
499 1449 566 1472 diem
579 1449 648 1472 venit
660 1448 787 1479 predictus
797 1449 941 1479 Episcopus,
952 1453 977 1473 et
990 1451 1095 1474 Isabella
1107 1460 1157 1475 11011

100 1482 178 1505 venit.
213 1483 248 1505 Et
263 1482 390 1512 predictus
402 1481 529 1505 Johannes
545 1481 576 1504 de
591 1481 703 1509 Bonsser,
717 1489 798 1504 coram
812 1489 869 1511 quo,
883 1484 936 1509 etc..
950 1483 1019 1506 misit
1033 1483 1073 1507 hic
1091 1492 1158 1507 vere-

100 1514 196 1538 dictum
209 1514 291 1545 jurate
304 1514 414 1545 predicte
426 1513 465 1537 hic
477 1514 503 1537 in
516 1514 561 1537 hec
570 1514 785 1543 verbm—Postea,
795 1514 906 1544 predicto
916 1515 955 1538 die
965 1514 983 1539 J
984 1516 1036 1539 ovis
1045 1517 1159 1546 proximo

99 1549 158 1570 ante
169 1547 272 1570 Festum
278 1546 487 1570 Annunciacionis
496 1547 572 1570 Beate
582 1546 665 1575 Mario,
672 1547 738 1577 apud
746 1547 1010 1576 Lancevetone,coram
1015 1549 1031 1572 J
1033 1549 1157 1573 ohannem

100 1580 131 1603 de
143 1580 255 1609 Bonsser,
268 1580 387 1603 associato
400 1579 447 1602 sibi
459 1579 583 1602 Willelmo
595 1579 626 1602 de
641 1580 773 1607 Botreaux,
787 1579 873 1609 Milite,
884 1580 954 1603 venit
967 1583 1018 1604 tam
1032 1582 1158 1612 predictus

101 1612 245 1643 Episcopus,
269 1620 313 1643 per
335 1612 417 1635 Adam
440 1612 470 1634 de
493 1612 632 1641 Bauntone,
656 1614 813 1635 atum-natum
841 1620 924 1642 suum,
948 1621 1024 1643 quam
1047 1615 1159 1644 predicta

101 1645 207 1668 Isabella
218 1645 244 1668 in
260 1645 359 1676 propria
374 1652 478 1675 persona
496 1652 546 1668 sua.
583 1645 617 1668 Et
634 1644 749 1668 similiter
765 1644 843 1675 jurati
859 1645 890 1668 de
909 1653 1029 1670 consensu
1043 1647 1158 1671 Parcium

101 1678 191 1706 electi;
217 1677 261 1708 qui
278 1677 374 1706 dicunt,
395 1685 470 1707 super
489 1679 673 1700 sacramentum
693 1685 776 1706 suum,
799 1678 866 1707 quod
885 1679 1012 1708 predictus
1031 1679 1158 1704 Johannes

99 1710 122 1734 le
142 1710 281 1739 Seneschal,
300 1712 371 1741 pater
388 1710 558 1740 predictarum
583 1709 712 1739 heredum,
729 1712 754 1733 et
771 1713 937 1734 antecessores
956 1711 1002 1740 sui,
1022 1714 1160 1737 tenuerunt

102 1743 244 1773 predictum
260 1742 400 1766 Man-arium
419 1742 449 1766 de
468 1742 580 1771 Mndion,
597 1750 655 1765 cum
672 1742 839 1772 pertinenciis,
857 1743 889 1766 de
903 1744 1015 1774 predicto
1036 1745 1158 1776 Episcopo

99 1778 125 1799 et
140 1775 356 1799 Predecessoribus
373 1775 432 1804 suis,
445 1777 471 1798 et
490 1774 662 1798 feoffatoribus
678 1775 729 1798 suis
746 1777 771 1798 et
787 1783 874 1799 eorum
891 1777 1095 1807 antecessoribus,
1114 1786 1158 1808 per

103 1808 231 1839 antiquius
249 1808 446 1837 feoffamentum,
463 1815 506 1838 per
523 1807 655 1831 servicium
671 1807 786 1836 militare,
804 1816 880 1838 quam
898 1809 1022 1839 predictas
1039 1810 1074 1841 iiij
1091 1819 1158 1835 acras

102 1843 174 1870 terre,
195 1849 253 1864 cum
270 1840 436 1871 pertinenciis,
454 1841 485 1863 de
508 1840 619 1870 predicta
642 1840 748 1863 Isabella.
765 1843 790 1863 et
813 1842 1009 1865 antecessoribus
1032 1844 1090 1872 suis,
1115 1852 1158 1874 per

101 1873 233 1897 servicium
244 1873 358 1897 militare.
394 1873 428 1896 Et
440 1872 528 1896 dicunt
540 1873 608 1903 quod
620 1873 747 1903 predictus
764 1873 902 1904 Episcopus
920 1875 1042 1899 sustinuit
1053 1876 1163 1907 dampna.

101 1907 133 1930 ad
146 1906 283 1930 valenciam
300 1906 338 1930 Cs.
356 1905 481 1929 occasione
499 1913 549 1936 qua
565 1906 678 1936 predicta
693 1905 799 1929 isabella
814 1906 960 1931 deforciavit
976 1908 997 1931 ei
1015 1908 1161 1933 Custodiam

101 1939 246 1970 predictam.
293 1939 354 1962 Ideo
371 1938 555 1962 consideratum
574 1940 611 1961 est
635 1938 703 1968 quod
726 1938 852 1968 predictus
876 1939 1012 1970 Episcopus
1032 1945 1163 1972 recuperet

101 1979 186 1995 versus
198 1979 252 1995 eam
271 1971 417 1995 Custodiam
433 1970 571 2001 predictam
586 1973 612 1994 et
626 1970 735 2002 dampna
752 1979 797 1994 sua
811 1972 928 2002 predicta.
964 1973 999 1996 Et
1014 1973 1119 1998 Isabena
1136 1975 1162 1998 in

102 2003 352 2028 misericordia.·-fol.
368 2004 389 2027 1.

72 2093 144 2124 [AD.
170 2093 534 2125 1323—1325].—Coucerninq
553 2061 675 2124 tIIeIch'yltt
695 2093 724 2123 of
744 2094 909 2119 Presentution,
929 2099 951 2119 to
969 2096 1007 2120 the
1026 2097 1120 2122 Clam-la
1138 2098 1166 2127 of

106 2127 253 2155 Stziltcrfielcl
271 2128 340 2156 (near
352 2126 655 2156 Stralsord-on-Avon,Co.
674 2127 840 2153 Hbrwirkh—

72 2160 206 2190 lVMterus,
222 2160 360 2190 Episcopus
381 2159 536 2188 ExoniensiS,
557 2159 675 2190 opposuit
689 2168 714 2183 se
732 2160 767 2190 iiij
786 2160 826 2183 dic
846 2168 930 2185 versus
952 2162 1073 2186 'rhomam
1095 2164 1164 2188 NVest
