1328 2295
192 130 269 156 THE
295 129 478 156 REGISTER
503 129 552 155 OF
578 129 713 155 BISHOP
739 128 975 155 STAPELDON.
1108 115 1152 151 15

123 207 206 231 Litora
217 207 309 232 directa
321 208 436 239 Episcopo
452 206 645 232 Oicestrensiae·

58 238 217 264 Venerabili'
210 248 236 264 ιιι
249 241 350 265 Christo
362 240 432 264 Patri
443 248 471 264 ac
483 240 598 269 Domino,
608 239 716 263 Domino
727 239 744 263 J
746 238 846 269 ohaam,
856 239 903 263 Dei
914 238 995 270 gracia
1006 239 1154 263 Cicestrensi

90 273 219 304 Episcopo.
237 281 305 302 suuS,
323 273 344 297 si
360 273 449 304 placet,
468 273 600 302 Walterus,
618 274 663 296 etc.
682 272 791 296 salutem
808 279 885 303 quam
905 271 1025 302 produxit
1043 271 1154 295 humano

90 305 175 335 generi
201 306 307 336 Sanguis
330 306 361 329 de
389 306 466 329 latere
495 305 734 330 Crucifixi.—Pater
756 304 1013 334 Reverende‚—-Licet
1036 304 1154 328 Canoniei

92 338 191 368 Capelle
210 338 241 362 de
256 338 386 368 Boseham,
407 338 488 369 quoad
506 346 623 369 personas
640 345 735 367 eorum,
756 337 834 361 eciam
849 337 924 368 juxta
940 336 1155 367 Composicionem

91 370 158 394 inter
170 371 289 395 Cicestrie
301 373 327 395 et
339 371 435 395 Exonie
447 371 576 398 Ecclesias,
587 372 618 394 ut
628 370 730 400 dicitur,
742 370 839 399 initam,
852 378 866 393 a
878 371 962 393 vestra
973 369 989 393 J
992 369 1154 393 urisdieeione

92 403 223 427 Ordinaria.
234 404 324 427 saltem
341 404 367 427 in
379 404 425 427 hoc
437 411 496 427 casu
509 403 621 427 totaliter
638 403 690 426 sint
707 403 825 434 exempti,
837 404 920 426 vester
932 404 1018 426 tamen
1030 402 1155 432 Officialis,

91 438 177 459 contra
197 436 263 460 dicte
284 436 478 467 composicionis
499 438 612 460 tenorem
631 438 657 459 et
676 436 746 460 Juris
765 435 886 464 ordinem,
905 437 936 459 ut
954 435 1055 458 videtur
1074 435 1155 465 prima

90 468 159 498 facie,
172 471 266 492 temere
282 469 392 497 veniens,
408 471 494 492 contra
510 468 644 492 Sacristam
662 468 775 499 ejusdem
792 467 908 497 Ecclesie,
926 467 971 499 qui
988 469 1027 491 est
1042 474 1109 490 unus
1125 467 1157 490 de

91 501 222 525 Canonicis
242 502 398 532 supradictis,
418 502 450 525 ad
472 501 668 525 diminucionem
692 501 818 524 Porcionis
839 508 916 531 quam
938 501 991 531 ipse
1014 502 1041 523 et
1062 500 1154 523 Prede-

89 541 195 557 cessores
204 534 243 558 sui
254 534 384 565 hucusque
394 534 544 563 habuerunt,
554 542 598 565 per
607 534 774 558 Collacionem
777 533 964 571 Episcoporum
974 532 1156 556 Exoniensium

92 566 136 596 qui
149 574 194 597 pro
207 569 320 597 tempore
337 567 440 596 fuerint,
452 567 524 597 quasi
539 575 583 597 per
598 566 758 590 exeeuciones
775 566 896 596 incipiens
913 565 1006 589 nititur
1022 565 1157 589 extendere

91 606 181 622 manus
192 607 258 628 suas,
270 599 360 630 prout*
354 607 380 623 ιιι
391 602 478 623 tenore
490 599 603 623 Mandati
615 599 777 623 Presentibus
789 598 931 628 interclusQ
941 598 1010 629 quod
1024 598 1056 621 ab
1067 598 1156 621 eodem

92 631 196 655 Officiali
207 640 295 663 nuper,
304 634 334 655 ut
346 632 444 662 dicitur,
459 632 592 661 emanavit,
603 632 736 655 manifeste
747 631 847 662 poterit,
857 633 888 655 ut
899 631 1018 659 creditur,
1030 638 1154 662 apparere.

93 664 213 693 Quocirca.
236 667 346 688 vestram
370 665 553 688 Paternitatem
580 665 711 688 humiliter
733 665 851 695 deprecor
873 665 900 687 et
922 664 1012 687 devote
1035 663 1156 694 quatinus

91 697 188 721 dictum
196 697 345 721 Mandatum
356 697 472 721 Officialis
482 697 558 721 vestri
567 705 688 726 revocare,
697 697 737 720 vel
746 697 835 721 saltem
845 697 876 720 ad
886 699 987 727 tempus
996 696 1156 727 suspendere,

91 729 182 757 velitis,
194 738 239 760 pro
248 732 331 754 vestro
342 730 497 761 beneplacito
506 730 599 754 iterum
608 730 758 754 innovando.
794 729 904 760 Expedit
913 729 987 758 enim,
1000 731 1031 752 ut
1046 729 1155 756 videtur,

90 762 158 792 quod
171 763 262 786 Vicarii
273 763 304 786 de
316 763 439 786 Boseham
451 765 612 793 suggerentes
624 763 651 786 in
663 763 709 786 hac
721 764 791 793 parte
804 762 898 785 faciant
910 769 935 785 se
948 762 1048 785 Partem
1060 761 1086 785 in
1098 761 1156 792 jud-

90 794 145 823 ici0,
158 797 183 818 et
194 803 266 819 suam
278 796 470 826 suggestionem,
481 796 502 819 si
514 795 647 825 voluerint,
657 797 842 826 prosequantur
854 803 859 824 ;
873 794 932 825 quia
939 796 1022 818 vester
1031 794 1155 823 Officialis,

89 835 148 850 cum
166 835 216 858 quo
236 828 308 852 litem
327 828 417 852 habere
436 836 486 851 non
506 831 604 859 appeto,
620 836 664 858 per
680 827 828 859 hujusmodi
850 835 979 858 processus
996 834 1157 857 preproperos

89 860 186 884 Judieis
204 863 229 884 et
248 861 330 884 Partis
346 863 428 891 partes
444 861 639 885 assumat-Ad
655 860 782 891 honorem,
796 860 974 885 eto—Datum
989 860 1057 890 apud
1069 859 1156 883 Stoek·

91 893 162 922 wille,
175 893 219 924 xiij
233 893 272 917 die
285 894 301 917 J
303 893 362 921 ulii;
382 893 441 918 ibid.

123 942 206 966 Litera
217 942 308 966 directa
320 943 440 973 Magistro
458 942 564 966 mem—do
576 942 605 966 de
617 942 665 973 Ply
668 942 751 966 mstolce
760 953 801 966 :—

60 973 173 998 Discreto
192 975 251 1004 viro,
265 978 319 1004 ete.⁵
336 976 456 1006 Magistm
478 976 583 999 Ricardo
602 976 633 999 de
651 975 822 1006 Plympstoke,
835 974 968 1004 Wasterus,
984 976 1039 1004 etc„
1055 974 1158 998 Electus

91 1007 246 1036 Exomensis,
263 1011 388 1039 quantum
406 1009 432 1031 in
450 1008 503 1038 ipso
519 1011 557 1031 est
574 1016 660 1038 pacem
677 1008 770 1032 Christi
785 1008 970 1038 sempiternam.
974 1007 1158 1030 —Audivimus

90 1041 158 1070 quod
168 1048 211 1063 vos
221 1049 301 1071 nuper
309 1049 353 1064 nos
366 1049 410 1071 pro
422 1041 522 1064 inimico
535 1043 560 1064 et
572 1043 729 1071 persecutore
738 1043 821 1064 vestio
834 1042 987 1071 reputantes,
996 1040 1021 1063 in
1031 1040 1158 1070 presencia

91 1072 205 1110 Magistri
217 1073 232 1096 J
235 1073 339 1096 ohannis
352 1074 456 1104 Bloyou,
471 1076 555 1097 contra
567 1074 674 1097 formam
690 1073 760 1096 Pacis
777 1073 844 1096 inter
856 1081 901 1096 nos
913 1073 982 1101 inite,
999 1072 1074 1096 verba
1086 1072 1157 1096 nobis

90 1105 280 1129 comminatoria
291 1106 409 1129 dicebatis
421 1114 426 1134 ;
440 1106 471 1129 de
489 1114 538 1137 quo
553 1114 582 1129 eo
597 1106 675 1136 magis
688 1107 815 1135 miramur,
833 1106 908 1136 quod,
921 1105 979 1128 lieet
995 1107 1052 1136 post
1063 1105 1158 1128 dictam

91 1138 180 1161 Pacem
193 1146 282 1169 parum
294 1139 353 1162 boni
368 1139 438 1162 vobis
456 1139 595 1166 fecerimus,
609 1146 659 1161 non
674 1141 759 1162 tamen
775 1138 899 1162 eredimus
914 1140 1001 1161 contra
1016 1146 1060 1161 vos
1072 1140 1158 1168 postea

89 1170 158 1201 justo
170 1171 264 1201 judicio
276 1171 395 1201 injuriose
408 1173 485 1202 egisse
497 1171 631 1202 quicquam
644 1171 710 1200 mali,
722 1174 797 1201 prout
810 1179 893 1194 eoram
905 1171 964 1199 Deo,
975 1170 1052 1198 vobis
1065 1173 1092 1193 et
1103 1170 1157 1193 ah'is

90 1203 291 1234 quibuscumque
304 1204 454 1232 hominibus,
468 1212 527 1227 sana
546 1204 697 1227 consciencia
712 1204 792 1234 parati
808 1211 896 1227 sumus
908 1203 1011 1226 reddere
1022 1203 1155 1228 racionem.

91 1236 234 1266 Cupientes,
247 1236 331 1267 igitur,
344 1244 419 1267 super
428 1236 476 1259 hiis
489 1239 515 1260 et
526 1237 580 1259 aliis
593 1237 721 1260 vobiscum
734 1236 896 1266 personaliter
908 1236 998 1259 habere
1011 1237 1156 1265 tractatum,

90 1269 222 1292 affectuose
235 1276 278 1292 vos
290 1277 406 1300 rogamus
419 1269 538 1300 quatinus
550 1270 581 1292 ad
594 1277 639 1292 nos
654 1269 816 1299 personaliter
830 1269 944 1292 accedere
956 1268 1038 1292 velitis
1055 1268 1158 1292 celerius

90 1308 140 1331 quo
152 1301 265 1330 potestis,
281 1304 306 1325 et
318 1304 377 1325 ante
390 1305 501 1325 vestrum
516 1309 639 1325 recessum
653 1310 667 1325 a
684 1302 763 1331 nobis,
776 1301 868 1332 partim
882 1301 964 1330 verbo,
978 1301 1070 1331 partim
1082 1301 1157 1329 facto,

90 1334 230 1364 percipietis
247 1334 403 1358 affeccionem
424 1342 500 1365 quam
520 1342 577 1365 erga.
596 1342 726 1365 personam
750 1337 859 1357 vestram
878 1336 935 1364 post
956 1334 1045 1357 Pacem
1068 1333 1158 1357 initam

89 1365 236 1397 hujusmodi
250 1366 376 1390 habemus.
412 1367 550 1397 Nollemus,
563 1368 658 1397 utique,
672 1369 797 1398 quantum
810 1367 835 1390 in
848 1366 919 1390 nobis
931 1368 977 1394 est,
991 1374 1035 1389 vos
1046 1366 1158 1397 perdere:

89 1399 213 1422 nescimus
228 1399 249 1422 si
268 1407 312 1422 nos
328 1399 409 1422 modis
426 1400 542 1423 omnibus
563 1400 665 1430 perdere
682 1400 794 1430 cupiatis.
831 1399 864 1428 Si,
882 1407 947 1429 vero,
964 1399 995 1422 ad
1013 1407 1058 1422 nos
1074 1399 1158 1422 venire

89 1431 220 1455 nolueritis
232 1434 277 1455 aut
288 1440 339 1455 non
355 1432 477 1460 poteritis,
491 1435 521 1455 ut
536 1440 659 1462 rogamus,
673 1432 763 1455 saltem
781 1431 937 1462 propositum
953 1434 1066 1455 vestrum
1083 1439 1158 1462 super

90 1463 144 1492 hiis,
154 1466 255 1495 propter
266 1465 382 1495 reliquias
390 1465 461 1488 Pacis
472 1465 542 1494 inite,
551 1465 633 1488 velitis
646 1465 716 1488 uobis
729 1465 818 1488 vestris
832 1464 921 1488 Literis
933 1464 1056 1487 intimare.
1082 1464 1157 1493 Scire,

91 1498 183 1526 tamen,
202 1505 246 1520 vos
266 1497 381 1527 cupimus
404 1498 472 1528 quod
493 1498 513 1520 si
531 1498 601 1521 Pacis
627 1497 737 1528 predicte
758 1497 843 1520 federa
861 1505 905 1527 per
923 1505 973 1526 vos,
998 1497 1065 1527 quod
1084 1496 1157 1525 absit,

89 1529 202 1552 totaliter
217 1529 312 1553 fuerint
324 1530 452 1558 dissoluta,
465 1530 585 1561 quicquid
605 1532 691 1560 postea
710 1530 845 1560 contingat,
859 1530 889 1552 de
902 1529 950 1552 levi
969 1537 1018 1552 non
1039 1531 1159 1560 poterunt

90 1561 183 1585 iterum
195 1562 310 1592 reparari.
345 1563 414 1586 Deus
427 1563 471 1586 det
485 1563 555 1586 vobis
567 1563 699 1586 consilium
712 1563 807 1593 corpori
819 1565 844 1586 et
856 1562 938 1586 anime
951 1562 1158 1593 profuturum!—

89 1594 185 1618 Datum
204 1595 273 1625 apud
285 1595 417 1626 Horslegh,
431 1595 483 1626 xiiij
498 1595 538 1619 die
551 1595 627 1623 Julii3
646 1595 704 1619 ibid.

123 1643 207 1667 Litera
218 1644 310 1668 directa
322 1644 421 1668 Roberto
433 1645 462 1668 de
475 1645 628 1668 cisterna>—

60 1675 193 1703 WValterus,
207 1679 261 1704 etc.‚
275 1677 367 1700 dilecto
381 1677 428 1700 sibi
444 1678 469 1701 iu
487 1677 594 1707 Christo,
608 1677 726 1707 Magistro
743 1676 852 1700 Roberto
869 1677 900 1700 de
917 1677 1031 1700 Cisterna
1043 1677 1158 1707 salutem,

92 1709 309 1739 ete—Cupientes
325 1710 460 1739 vobiscum,
474 1710 515 1733 vel
528 1718 585 1733 cum
605 1710 660 1737 alio,
675 1718 703 1733 eo
720 1709 841 1733 libencius
857 1709 934 1733 finem
952 1710 1079 1740 imponere
1095 1712 1158 1733 trac-

93 1741 160 1764 tatui
173 1749 247 1772 super
260 1743 446 1772 permutacione
464 1743 653 1766 Prehendarum
670 1750 721 1773 quo
738 1742 827 1765 dilacio
844 1742 963 1772 prolixior
976 1743 1077 1773 utrique
1089 1743 1159 1766 Parti

91 1776 130 1797 est
152 1774 295 1804 dampnosa,
317 1775 456 1805 specialiter
475 1783 519 1798 vos
541 1783 658 1806 rogamus
681 1775 802 1805 quatinus
821 1775 892 1798 nobis
912 1783 957 1805 per
976 1775 1081 1798 latorem
1100 1775 1157 1798 Pre-

90 1806 201 1830 sencium
213 1807 351 1836 significare
364 1808 446 1831 velitis
458 1808 501 1831 ubi
519 1816 563 1838 per
579 1811 629 1831 tres
648 1808 700 1831 dies
718 1810 851 1837 sequentes
870 1807 984 1838 poteritis
997 1808 1159 1838 personaliter

90 1839 214 1867 iuveniri3
233 1839 372 1869 mittemus,
391 1841 466 1869 enim,
487 1841 518 1863 ad
537 1848 580 1863 vos
599 1840 707 1870 aliquam
731 1840 901 1863 discreciorem
917 1848 1047 1871 personam
1065 1848 1095 1863 ex
1112 1840 1158 1864 hae

91 1879 164 1894 causa
172 1880 216 1902 pro
230 1872 320 1895 Literis
332 1873 511 1896 procuratoriis
523 1875 549 1896 et
561 1873 614 1896 aliis
627 1873 728 1903 utrique
741 1873 810 1896 Parti
822 1873 927 1896 utilibus
937 1881 951 1896 a
960 1873 1031 1896 vobis
1043 1873 1156 1903 optinen-

91 1904 136 1932 dis,
150 1904 170 1927 si
184 1904 265 1927 velitis
277 1905 344 1935 quod
359 1913 433 1935 super
452 1906 499 1928 hiis
518 1913 575 1936 ergo.
589 1913 631 1928 vos
644 1905 750 1928 ulterius
762 1906 916 1936 procedatur.
952 1905 986 1932 Si,
999 1913 1064 1935 vero,
1075 1905 1155 1934 hodie,

93 1944 153 1965 cras,
167 1937 206 1959 vel
219 1939 274 1967 post
288 1945 346 1965 cras,
360 1940 418 1961 ante
436 1938 569 1968 prandium
588 1938 692 1968 possetis
708 1938 740 1961 ad
758 1946 803 1961 nos
821 1937 911 1966 venire,
925 1938 993 1968 apud
1010 1938 1156 1968 Horsleghe,

93 1969 182 1998 utique
195 1969 220 1992 in
235 1970 316 1992 multo
329 1970 386 2000 plus
396 1971 510 2000 placeret,
524 1973 550 1994 et
559 1973 631 1994 tanto
643 1973 756 2001 tempore
766 1973 792 1993 et
803 1978 853 1993 nou
867 1970 980 1999 ulterius,
988 1970 1034 1993 hac
1043 1970 1102 2000 vice,
1113 1978 1156 1994 vos

93 2001 185 2024 ibidem
198 2002 336 2032 poterimus
355 2006 504 2033 exspectare,
519 2003 550 2026 ab
568 2003 615 2026 hiis
633 2011 681 2033 que
699 2006 772 2026 antea
789 2011 864 2033 super
876 2003 957 2026 valore
970 2003 1156 2026 Prehendarum

93 2034 216 2057 dictarum
229 2037 255 2057 et
267 2035 320 2058 aliis
332 2035 402 2058 vobis
414 2036 523 2059 diximus
541 2037 566 2059 in
585 2036 689 2059 minimo
707 2036 809 2058 minime
823 2036 973 2059 recedentes.
1009 2036 1042 2058 Et
1054 2035 1074 2058 si
1086 2043 1156 2065 spem

95 2069 187 2089 certam
204 2067 236 2089 ad
253 2067 409 2097 pinguiorem
428 2068 584 2091 Prehendam
601 2068 671 2092 vobis
690 2076 740 2091 non
759 2068 909 2096 dederimus,
927 2068 1056 2098 desperare
1071 2070 1156 2091 tamen

94 2106 143 2123 nou
166 2101 265 2129 oportet
288 2101 318 2122 de
341 2101 422 2130 gracia
445 2101 586 2124 salvatoris.
629 2101 793 2124 Voluntatem
814 2102 922 2124 vestram
945 2100 1017 2123 nobis
1039 2100 1157 2123 nunciare

97 2131 185 2162 velitis,
198 2132 373 2163 ete.—Valcte‚
389 2134 565 2158 ete—Datum
578 2134 644 2165 apud
655 2133 799 2164 Horsleghe,
814 2133 857 2164 xxj
871 2133 911 2157 die
923 2131 1109 2157 Julfi.—fol.5b.
