1328 2295
110 167 183 200 342
363 177 436 201 THE
462 177 637 209 REGISTER
663 178 709 205 on
732 178 865 204 BISHOP
893 178 1114 206 STAPELDON.

201 252 303 281 diaconi,
316 252 520 282 Cathedraticum,
530 255 554 276 et
565 254 729 277 Sinodaticum
740 262 745 283 ;
774 256 797 277 et
807 255 961 277 sustinebunt
970 255 1062 282 Libros,
1075 254 1232 281 Vestimenta,
1241 253 1265 275 et

202 284 279 305 cetera
297 283 442 305 Ornamenta
458 300 463 305 .
483 300 488 306 .
508 301 513 306 .
531 284 561 305 ad
578 284 711 306 Rectoriam
729 285 882 313 pertinencia,
895 291 984 307 necnon
1002 285 1091 306 vitrum
1107 284 1265 306 fenestrarum

201 312 305 334 Caneelli
322 314 347 334 et
363 314 537 341 cooperturam,
550 314 599 335 suis
617 314 762 342 sumptibus,
775 316 902 343 postquam
919 321 961 342 per
976 314 1092 336 Dominos
1103 314 1224 335 Decanum
1242 313 1266 334 et

200 342 338 370 Capitulum
350 342 502 370 Exonienses,
515 343 602 371 quibus
619 343 683 365 dicta
694 344 798 366 Ecclesia
809 344 890 366 Sancti
901 344 990 366 Melani
1006 344 1088 366 existit
1104 342 1264 371 appropriata,

199 371 290 394 fuerint
307 371 379 393 semel
398 374 559 400 competenter
577 373 705 395 reformata
723 375 747 395 et
764 375 875 395 correcta.
917 373 971 401 Qui,
992 373 1096 402 quidem,
1116 373 1224 394 Decanus
1241 373 1265 393 et

199 400 339 429 Capitulum
357 401 510 423 sustinebunt
528 402 607 424 onmia
623 402 669 424 alia
687 410 757 425 onera
774 403 885 431 Cancelli,
906 404 930 425 et
951 402 1138 425 extraordinaria
1159 401 1264 430 ejusdem

199 430 310 458 Ecclesie,
330 430 444 458 imposita
461 432 485 453 et
505 431 655 460 imponenda.
700 432 818 460 Habeant,
839 433 921 461 eciam,
944 432 1034 455 Vicarii
1051 449 1056 455 .
1076 448 1081 454 .
1101 449 1106 454 .
1124 431 1223 453 herbam
1240 431 1264 452 et

199 461 279 482 totum
289 460 397 482 fructum
407 460 513 488 predicte
524 461 589 489 pecie
600 462 661 483 terre
672 463 777 490 excepte,
787 469 912 491 quousque
922 462 1039 491 placuerit
1049 461 1162 490 predictis
1171 460 1264 483 Deoano

198 490 223 512 et
229 489 342 518 Capitulo
350 489 472 518 grangiam
480 490 517 512 vel
525 490 608 513 domos
620 491 677 513 alias
686 492 711 513 in
718 492 824 520 predicta
832 493 895 514 terra
901 493 1044 520 construere,
1055 491 1093 513 vel
1101 490 1203 513 decimas
1210 495 1265 511 suas

200 519 269 541 extra
288 519 371 541 domos
392 525 504 548 reponere
530 520 554 541 in
575 520 672 549 eadem;
700 521 765 543 salva
786 521 889 543 Domino
910 521 1046 549 Exoniensi,
1068 522 1123 548 etc.,
1145 520 1265 548 potestate

199 549 369 589 augmentandi
382 549 407 570 et
422 549 552 577 minuendi,
566 551 610 572 etc.
624 550 662 578 (23
673 551 750 579 April,
764 550 846 579 1310);
863 551 989 573 50.-This
1001 551 1077 578 Entry
1087 556 1135 572 was
1146 548 1265 571 cancelled

198 590 228 594 ——
242 579 286 600 ‘va
351 595 356 601 .
376 579 422 606 cat,
433 578 523 600 '’—and
540 579 581 601 the
598 579 720 608 following
737 582 793 602 note
811 580 1001 609 added,—“Est
1021 580 1099 608 infra,
1121 578 1165 601 sub
1185 577 1266 601 eadem

199 607 267 635 data,
278 608 306 630 in
312 607 448 637 penultimo
458 608 518 635 folio
528 609 640 638 qzcatcrnz'
650 610 791 638 seq1mzcz's.'¹

169 637 203 660 ΙΙ.
217 637 354 660 -Vicarius.
388 655 394 662 .
427 655 432 660 .
466 640 490 660 et
501 645 645 660 successores
656 639 769 667 ejusdem.
805 657 810 662 .
844 657 848 662 .
883 640 987 662 habeant
1006 640 1087 661 totum
1098 637 1264 661 Sanctum-ium

242 683 248 690 .
281 674 336 689 cum
351 674 434 691 manso
446 667 470 689 in
482 668 565 690 eodem
577 668 717 691 Sanctuario
733 669 831 697 situato,
850 671 949 698 excepta
968 676 1016 691 una
1034 675 1087 691 acra
1103 670 1164 690 terre
1175 667 1262 695 clausa,

202 703 248 725 que
262 697 327 725 jacet
343 697 369 719 in
386 697 477 721 Boriali
494 699 562 726 parte
578 698 741 726 predictorum
761 706 898 721 mansorum
919 699 986 727 (sic);
1008 705 1062 727 que,
1085 697 1189 727 quide-m,
1213 703 1266 718 acra

200 727 262 748 terre
291 726 386 750 Decano
412 728 436 749 et
463 727 575 755 Capitulo
601 728 736 756 Exoniensi,
770 746 775 750 .
810 745 815 751 .
849 746 854 752 .
887 730 1014 756 remaneat,
1044 734 1087 756 pro
1113 726 1216 756 grangiis
1241 726 1266 748 et

199 755 252 778 aliis
279 756 398 786 domibus,
427 756 515 778 eisdem
541 757 685 786 necessariis,
714 758 879 780 construendis
905 760 929 780 et
955 757 1100 785 edificandis,
1127 763 1182 778 cum
1205 755 1264 784 ipsis

198 785 324 814 placuerit,
347 787 373 809 in
400 786 487 809 eadem.
529 786 648 814 Habeant,
672 787 753 815 eciam,
776 789 800 810 et
821 788 953 816 percipiant
974 787 1037 809 idem
1055 786 1164 809 Vicarius
1182 786 1207 807 et
1226 785 1265 807 sui

199 821 352 838 successores.
381 833 388 839 .
417 833 422 839 .
445 817 525 838 totum
532 816 675 845 altillagium
685 817 747 839 dicte
755 817 857 839 Ecclesie
864 818 888 839 in
896 817 1006 839 omnibus
1014 815 1206 845 porcionibus,in
1216 821 1263 843 quo

199 844 316 867 decimam
332 845 503 875 cujuscumque
515 845 607 867 culture
618 846 643 867 in
659 847 717 868 ortis
728 853 792 869 nunc
802 847 960 869 existentibus
976 853 1030 868 cum
1041 853 1117 874 vanga
1128 844 1229 867 excultis
1240 845 1264 866 et

200 874 342 903 excolendis,
358 882 471 897 unacum
490 875 544 897 seno
561 876 639 897 tocius
656 876 776 905 Parocbie,
794 877 905 898 volumus
922 875 1109 904 comprehensli;
1126 875 1191 896 dicta
1211 880 1264 896 acra

197 904 268 931 terre,
290 905 315 926 et
335 903 433 927 decimis
454 905 580 933 garbarum
601 905 772 934 cujuscumque
792 906 882 934 generis
903 906 968 927 bladi
989 905 1134 933 ubicumque
1155 904 1180 926 in
1201 903 1265 926 dicta

203 932 319 956 Parochia
344 935 629 963 excultarum-—exceptis
661 935 763 957 excultis
789 936 813 957 in
845 936 910 963 ortis,
938 937 966 957 ut
992 935 1148 964 premittitur,
1177 938 1201 955 et
1226 939 1264 955 ex·

200 962 463 986 colendis—dumtaxat
489 964 667 986 remanentibus
679 965 773 987 Decano
795 966 819 987 et
840 965 952 994 Capitulo
968 964 1102 987 antedictis.
1145 962 1264 985 Volumus

198 992 281 1020 eciam,
290 994 314 1015 et
325 993 463 1016 ordinamus
471 994 536 1022 quod
547 993 609 1015 idem
617 994 727 1016 Vicarius
738 996 762 1017 et
773 995 810 1017 sui
817 1001 963 1017 successores
974 994 1077 1016 habeant
1088 995 1113 1015 et
1123 992 1263 1021 percipiant,

199 1022 299 1050 singulis
320 1023 395 1051 annis,
409 1023 468 1045 duas
480 1030 569 1045 marcas
586 1030 662 1046 annue
678 1025 798 1052 pensionis
814 1031 828 1046 a
839 1024 959 1047 Scaccario
972 1023 1038 1046 Beati
1050 1023 1114 1045 Petri
1125 1021 1265 1045 Exoniensis

199 1051 224 1073 in
245 1053 465 1080 augmentacionem
486 1052 579 1074 Vicarie
601 1053 727 1082 antcdicte,
751 1055 775 1076 et
795 1055 922 1082 agnoscant
944 1054 1023 1075 omnia
1044 1054 1067 1075 et
1084 1052 1178 1081 singula
1194 1057 1265 1073 onera

200 1080 319 1103 ordinaria
337 1082 399 1104 dicte
418 1082 536 1104 Ecclesie:
563 1083 724 1110 sustinebunt,
743 1084 825 1111 eciam,
849 1083 940 1111 Libros,
963 1083 1120 1109 Vestimenta,
1143 1083 1167 1103 et
1188 1082 1265 1103 cetera

200 1110 345 1133 ornamenta
354 1112 431 1140 ipsius
442 1112 545 1134 Ecclesie
556 1112 586 1134 ad
596 1113 728 1135 Rectoriam
740 1113 874 1142 spectancia
883 1121 889 1141 ;
906 1119 997 1135 necnon
1007 1112 1098 1134 vitrum
1108 1112 1265 1133 fenestrarum

199 1139 276 1168 ipsius
294 1140 398 1163 Oancelli
416 1143 440 1163 et
460 1143 624 1170 cooperturam
643 1142 758 1170 ejusdem,
777 1143 826 1165 suis
845 1143 990 1171 sumptibus,
1010 1143 1138 1171 postquam
1159 1141 1202 1162 hec
1222 1147 1264 1169 per

199 1169 345 1192 Exeeutores
358 1171 418 1193 bone
434 1171 546 1193 memorie
558 1171 654 1193 Domini
665 1172 761 1200 Thome,
775 1172 867 1194 dudum
879 1172 1019 1194 Exoniensis
1029 1170 1150 1199 Episcopi,
1162 1169 1266 1199 proximi

199 1199 373 1223 Predecessoris
384 1201 467 1228 nostri,
478 1201 551 1223 semel
562 1203 724 1230 competenter
734 1202 938 1230 reparatafuerint
949 1203 972 1224 et
979 1203 1083 1223 correcta
1092 1207 1097 1227 ;
1110 1206 1187 1227 onera,
1199 1205 1261 1227 vero,

199 1229 386 1252 extraordinaria
403 1231 483 1252 omnia
500 1232 524 1252 et
541 1231 642 1259 singula,
660 1231 736 1253 eidem
756 1231 858 1254 Ecclesie
875 1231 988 1260 imposita
1004 1232 1028 1253 et
1046 1229 1196 1258 imponenda,
1214 1235 1265 1251 sus-

197 1258 291 1282 tineant
302 1260 326 1281 et
337 1261 465 1288 agnoscant
472 1260 580 1282 Decanus
590 1262 613 1282 et
621 1260 761 1289 Capitulum
770 1261 898 1289 antedicti;
908 1261 973 1283 salva
979 1260 1048 1282 nobis
1055 1261 1079 1282 et
1086 1258 1265 1282 Successoribus

197 1289 287 1347 pgixgris
298 1290 425 1341 effitemte
444 1289 533 1312 dictam
550 1290 669 1312 Vicariam
687 1290 857 1319 augmentandi
874 1292 898 1313 et
915 1290 1045 1318 minuendi,
1065 1291 1109 1312 etc.
1129 1288 1167 1318 (28
1186 1287 1263 1317 April,

275 1336 281 1347 ,
342 1336 347 1342 .

108 1355 157 1389 St.
173 1355 281 1396 Ne0t;
302 1356 360 1390 See
383 1362 398 1374 “
410 1357 648 1390 Dedications⁷’
663 1371 669 1397 ;
694 1360 777 1390 161¹&

174 1399 215 1425 Sir
231 1400 322 1432 Philip,
335 1402 379 1426 the
391 1402 472 1430 Vicar,
484 1402 559 1432 being
580 1410 638 1433 very
649 1402 742 1431 infirm,
754 1403 798 1426 the
816 1402 909 1433 Bishop
928 1401 1064 1433 appointed
1082 1400 1121 1425 Sir
1134 1399 1216 1431 Ralph
1233 1400 1264 1423 de

207 1433 312 1465 Rodeyn
324 1434 360 1468 (ογ
371 1434 486 1463 Redeynj,
499 1434 619 1463 chaplain⁵
632 1437 659 1458 to
671 1435 702 1458 be
714 1435 752 1458 hjs
765 1436 896 1466 coadjutor
908 1436 949 1465 (28
962 1435 1030 1464 Feb„
1043 1433 1160 1462 1313-14)
1172 1441 1178 1462 ;
1197 1433 1234 1457 83.

230 1464 360 1487 Ordinaczo
370 1471 442 1493 super
452 1466 624 1488 sustentacione
640 1466 732 1489 Vicarz'z'
743 1467 825 1489 Sancti
836 1467 907 1489 Nion
915 1475 923 1490 .·
936 1479 953 1483 -—

169 1493 244 1523 Apud
265 1495 380 1517 Sanctum
403 1494 555 1523 Germanum,
580 1495 618 1517 die
636 1496 701 1518 Lunc
727 1497 836 1525 proxima
859 1498 915 1525 post
930 1496 1029 1518 Festum
1046 1494 1126 1517 Sancti
1142 1492 1264 1516 Edmundi

198 1524 377 1553 Archiepiscopi
397 1523 435 1552 [18
454 1524 525 1553 Nou,
545 1525 619 1554 2314],
641 1526 773 1554 Episcopus
791 1527 883 1548 remisit
904 1526 1006 1548 Domino
1031 1524 1155 1553 Radulpho
1176 1523 1262 1551 Retyn,

198 1553 339 1581 presbitero,
352 1553 445 1575 custodi
457 1561 497 1576 seu
509 1555 625 1582 coajutori
637 1555 689 1584 (sic)
705 1555 821 1584 deputato
837 1563 879 1584 per
890 1556 991 1578 eundem
1003 1555 1149 1583 Episcopum
1159 1553 1262 1575 Domino

199 1583 319 1612 Philippo,
334 1583 451 1611 Perpetuo
470 1584 566 1606 Vicario
587 1584 690 1607 Ecclesie
711 1585 792 1608 Sancti
814 1585 882 1607 Nioti
903 1585 927 1607 in
949 1584 1077 1612 Cornubia‚
1100 1583 1164 1612 lepre
1180 1585 1262 1604 morbo

197 1612 324 1641 laboranti,
338 1619 397 1635 onus
408 1612 541 1635 calculandi
552 1620 624 1642 super
634 1614 841 1637 administracione
852 1622 896 1637 sua
903 1615 927 1636 in
936 1615 1000 1636 dicta
1007 1612 1129 1636 Custodia.
1156 1612 1188 1634 Et
1195 1611 1262 1634 dabit

197 1642 281 1664 statim
308 1642 372 1664 idem
394 1642 511 1664 Dominus
536 1643 680 1672 Radulphus
712 1644 741 1666 ad
770 1644 923 1667 elemosinam
950 1644 1010 1666 dicti
1037 1642 1150 1671 Episcopi
1177 1641 1262 1674 viginti

198 1671 295 1700 solidos,
307 1673 332 1694 et
342 1672 442 1700 singulis
453 1673 528 1700 annis,
542 1673 642 1695 durante
660 1673 723 1696 dicta
743 1674 864 1702 Custodia,
881 1674 966 1703 viginti
982 1673 1078 1700 solidos,
1098 1671 1222 1694 solvendos
1238 1677 1263 1704 in

198 1701 270 1724 Festo
288 1701 430 1724 Nativitatis
448 1701 528 1724 Sancti
545 1703 663 1725 Johannis
681 1703 803 1732 Baptiste;
824 1704 901 1732 primo
918 1703 1019 1725 termino
1039 1701 1167 1724 solucionis
1179 1700 1263 1729 viginti

198 1731 328 1753 solidorum
338 1737 471 1753 annuorum
483 1731 643 1760 predictorum
655 1733 782 1761 incipiente
793 1734 818 1755 iu
830 1733 901 1755 Festo
914 1732 1055 1755 Nativitatis
1066 1731 1135 1753 Beati
1145 1730 1160 1752 J
1163 1729 1261 1752 ohannis

198 1760 308 1789 Baptiste
319 1761 429 1790 proximo
441 1763 557 1784 secuturo.
592 1762 623 1784 Et
631 1762 750 1785 ordinavit
761 1763 863 1785 ulterius
874 1762 947 1791 quod,
960 1762 1017 1791 quia
1027 1761 1077 1783 sine
1088 1759 1193 1789 periculo
1201 1759 1263 1781 idem

197 1790 308 1812 Vicarius
319 1797 366 1812 non
377 1790 458 1819 potuit
469 1790 531 1813 inter
541 1797 611 1814 sanos
622 1792 656 1814 ita
663 1793 821 1814 communiter
831 1798 904 1821 prout
914 1791 1038 1814 consuevit
1050 1790 1189 1817 conversari,
1199 1788 1263 1817 quod

197 1819 261 1841 idem
278 1819 388 1842 Vicarius
400 1819 487 1842 habeat
505 1821 627 1844 meliorem
646 1828 770 1849 cameram,
789 1829 844 1844 cum
863 1822 975 1844 domibus
994 1819 1165 1843 adherentibus
1176 1819 1259 1846 eidem,

198 1850 297 1877 excepta
308 1849 370 1877 aula,
384 1849 413 1871 ad
424 1849 616 1879 inhabitandum,
636 1851 817 1880 comedendum,
831 1853 854 1874 et
865 1851 995 1873 bibendum
1006 1858 1011 1879 ;
1024 1852 1048 1872 et
1059 1849 1124 1878 quod
1137 1848 1264 1870 obturetur

197 1878 305 1901 hostium
315 1878 377 1901 inter
388 1879 518 1907 predictam
529 1887 645 1903 cameram
657 1882 680 1903 et
691 1881 778 1909 aulam,
787 1883 811 1903 et
822 1881 864 1903 fiat
874 1881 980 1903 hostium
991 1880 1020 1902 de
1026 1886 1088 1902 novo
1095 1878 1125 1901 ad
1132 1877 1262 1910 predictam

197 1914 314 1930 cameram
325 1909 437 1937 exterius,
452 1909 476 1930 in
486 1909 537 1932 loco
549 1911 701 1939 competenti,
715 1918 757 1939 per
767 1911 833 1939 quod
844 1911 907 1933 idem
914 1910 1032 1937 Vicarius,
1047 1915 1102 1931 cnm
1114 1914 1174 1936 opus
1181 1907 1259 1934 fuerit,

197 1944 317 1966 egressum
328 1938 416 1960 habeat
426 1940 450 1960 et
462 1938 593 1967 ingressum
607 1947 612 1968 ;
625 1944 648 1962 et
660 1940 746 1966 cloaca,
759 1940 874 1968 similiter,
888 1940 919 1962 ad
929 1940 1019 1962 dictam
1035 1944 1158 1965 cameram,
1171 1937 1196 1958 iu
1211 1936 1261 1969 loco

197 1967 347 1996 competenti*
382 1968 452 1994 Item,
472 1969 537 1996 quod
554 1970 661 1997 prefatus
680 1970 796 1992 Dominus
816 1970 959 1998 Radulphus
978 1969 1055 1991 solvat
1072 1968 1137 1989 dicto
1156 1966 1258 1993 Vicario,

197 1996 297 2025 singulis
313 1997 460 2025 septimanis,
479 2005 521 2026 pro
538 1999 713 2021 sustentacione
728 2007 772 2021 sua
786 2000 812 2021 in
827 1999 894 2028 cibis,
912 1999 1017 2028 potibus
1036 1999 1061 2020 et
1081 1997 1220 2023 calceatura,
1238 1996 1262 2016 et

198 2026 281 2048 ceteris
292 2027 391 2049 minutis
401 2028 544 2055 necessariis,
554 2029 614 2050 duos
626 2029 713 2051 solidos
722 2029 890 2058 sterlingorum
900 2036 905 2057 ς
917 2030 941 2051 et
948 2028 1047 2056 singulis
1055 2026 1152 2056 [annis]‚
1161 2025 1186 2047 in
1193 2025 1263 2047 Festo

196 2055 278 2078 Sancti
299 2056 421 2079 Michaelis
443 2057 467 2078 iu
488 2057 630 2086 Septembri.
653 2059 690 2080 vel
716 2059 815 2086 circiter,
838 2058 923 2087 viginti
944 2058 1032 2080 solidos
1053 2063 1096 2085 pro
1117 2055 1182 2088 roba
1200 2060 1243 2087 sua
1253 2060 1258 2080 ;

196 2085 308 2114 quodque
318 2086 435 2108 sustineat
446 2085 528 2109 domos
540 2087 602 2109 dicte
614 2088 634 2110 V
637 2088 714 2116 icarie,
727 2090 777 2110 tam
798 2088 852 2110 iilos
863 2095 922 2117 quas
933 2087 1053 2109 inhabitat
1063 2086 1141 2108 dictus
1153 2084 1260 2117 Vicarius

196 2121 269 2143 quam
285 2116 373 2137 ceteras
385 2116 467 2138 domos
479 2122 560 2139 onmes
571 2117 633 2139 dicte
650 2117 745 2140 Vicarie
754 2125 759 2146 5
778 2119 802 2140 et
813 2119 893 2140 omnia
914 2124 984 2139 onera
1000 2116 1031 2139 ad
1041 2116 1129 2138 dictam
1140 2114 1259 2146 Vicariam

170 2150 172 2152 ’
196 2145 330 2173 spectancia
347 2145 443 2167 interim
462 2146 546 2169 subeat
564 2149 587 2169 et
605 2150 723 2176 agnoscat.
772 2148 802 2170 Et
820 2154 892 2177 super
912 2147 977 2170 dicta
999 2145 1155 2169 Ordinacione
1175 2142 1260 2166 habult

195 2174 286 2197 Literas
297 2176 393 2197 tantum
403 2183 409 2204 3
422 2174 472 2198 89b.
