1328 2295
103 117 176 153 404

293 126 366 151 THE
390 124 575 151 REGISTER
602 123 648 149 OF
674 122 811 149 BISHOP
838 120 1072 147 STAPELDON.

196 204 291 231 extunc,
305 202 416 232 quociens
433 202 506 224 trium
524 200 709 230 presbiterorum
729 198 868 227 hujusmodi
884 197 949 220 locus
965 196 1052 225 aliquis
1063 194 1189 222 vacaverit,
1202 193 1265 223 quod

195 241 224 256 ex
236 240 307 256 causa
323 233 438 261 premissa
448 231 529 254 taliter
546 230 711 257 limitavimus,
727 229 853 251 Personam
869 227 938 250 aliam
955 225 1128 254 subrogandam
1146 224 1263 253 ydoneam

194 263 384 293 presental.uint;
401 262 520 290 potestate
536 262 585 282 tres
603 259 747 288 presbiteros
765 257 905 286 hujusmodi
924 264 938 278 a
954 255 1071 285 principio
1086 253 1226 283 deputandi,
1239 254 1263 276 et

195 295 290 321 extunc,
299 293 351 315 1000
362 291 466 314 cedentis
477 289 613 312 decedentis
624 289 661 311 vel
672 289 753 316 amoti,
766 294 889 317 personam
902 286 973 309 aliam
984 284 1135 313 subrogandi,
1145 283 1174 306 ad
1185 290 1228 305 nos
1239 289 1263 305 et

196 324 346 346 Successor-es
364 322 458 344 nostros
475 337 480 343 .
500 337 505 343 .
525 337 530 342 .
549 319 611 341 sicut
632 319 656 340 in
677 318 723 340 alio
744 324 801 340 casu
822 317 935 343 diximus,
958 314 1111 340 devolvenda,
1135 313 1154 335 si
1177 312 1263 341 prefati

197 353 309 381 Religiosi
331 352 392 374 eirca
412 349 615 379 presentaciouem
637 348 775 376 hujusmodi
797 347 859 368 infra
880 345 998 374 pretaxati
1021 344 1136 373 temporis
1158 342 1265 371 spacium

195 383 339 411 negligentes
356 381 453 407 fuerint,
466 381 509 402 aut
521 379 647 401 Personam
664 377 792 399 inhabilem
809 376 909 398 forsitan
922 377 1004 397 contra
1016 374 1139 396 Canonum
1150 372 1265 395 Instituta

195 413 307 435 duxerint
333 412 475 440 presentare.
520 409 564 430 Pro
591 407 773 434 511510111110101107
801 407 889 432 autem,
917 403 1117 432 Archipresbiteri
1143 403 1263 430 triumque

194 443 379 472 presbiterorum
391 447 432 462 5011
444 438 593 461 sacerdotum
606 437 634 459 de
646 437 733 466 quihus
745 443 817 464 supra
827 436 854 457 fit
866 434 964 461 111011010,
977 441 1004 456 ac
1015 433 1085 455 unius
1094 432 1179 459 clerici,
1193 438 1263 460 quem

196 474 274 502 preter
281 472 350 500 Aque
359 469 487 492 Benedicte
498 468 607 496 bajulum
619 474 660 495 per
670 465 900 493 Arcliipreshiterum
912 464 1077 490 memoratum,
1089 462 1120 484 ad
1129 461 1262 483 ministran-

197 503 254 524 dum
276 502 301 523 in
321 500 429 529 predicta
458 498 563 520 Ecclesia
589 497 661 525 juxta
685 496 802 518 inferioris
824 494 918 516 Ordinis
939 500 1010 522 quein
1036 492 1135 514 habebit
1155 490 1262 519 gradum,

194 531 339 561 precipimus
350 531 374 552 et
386 528 515 551 statuimus
526 527 644 555 deputari,
658 526 775 555 prefatam
786 524 922 551 Ecclesiam,
936 530 991 545 cnm
1002 521 1128 549 vacaverit,
1141 521 1264 549 ipsiusque

195 562 317 584 universos
328 559 435 581 redditus
446 560 470 580 et
486 558 623 586 proventus,
637 563 691 578 cum
707 555 868 584 predictorum
880 553 969 575 Decani
980 554 1003 574 et
1015 551 1121 580 Capituli
1133 557 1230 572 assensu
1241 551 1265 572 et

195 591 300 618 consilio,
314 588 467 618 assignandos
478 588 527 609 fore
538 586 693 613 decrevimus,
706 585 842 612 eisdemque
854 582 1059 611 Archipresbitero
1075 582 1099 603 et
1111 579 1226 602 Ministris
1238 579 1263 601 111

195 628 254 643 usus
271 619 381 649 proprios
396 617 470 640 titulo
484 618 600 645 perpetuo
612 614 765 644 possidendos
777 613 935 640 concedimus,
948 613 980 639 et,
993 612 1111 640 quatenus
1122 610 1147 631 111
1158 608 1262 638 presenti

196 656 332 680 1105511111115,
347 648 494 676 assignamus
509 646 605 668 eisdem.
639 645 765 671 Volumus,
782 644 887 671 insuper,
901 644 924 664 et
940 640 1071 663 ordinando
1085 639 1223 667 statuimus,
1236 638 1266 660 de

197 687 294 702 assensu
315 680 339 700 et
360 677 458 700 consilio
480 676 614 702 antedictis,
637 674 710 703 quod,
728 673 926 702 quandocumque
944 669 1134 699 Archipresbiter
1154 669 1196 697 qui
1221 674 1265 697 pro

196 712 303 738 tempore
314 708 387 730 suerit
398 707 460 729 inter
472 706 496 727 F.
513 705 578 727 Beati
592 704 714 726 Michaelis
726 704 750 725 iu
762 702 895 731 Septembri
907 703 930 723 et
943 701 968 723 F.
983 699 1153 729 Apostolorum
1166 698 1231 720 Petri
1242 698 1266 720 et

197 740 266 762 Pauli
283 739 308 760 iu
325 744 404 760 meuse
422 736 437 758 J
442 735 492 757 unii
516 737 573 757 tunc
591 734 699 763 proximo
718 734 855 755 secuturum
875 731 978 758 cesserit,
995 729 1128 756 decesserit,
1148 727 1186 750 vel
1209 727 1267 749 alias

196 770 301 798 legitime
323 768 418 789 amotus
439 765 519 792 fuerit,
542 765 583 793 qui
605 764 697 786 fructus
724 762 849 784 decimales
871 761 926 783 anni
947 759 1095 789 precedentis
1117 757 1263 786 integraliter

196 798 310 828 percepit,
323 797 343 819 si
361 796 456 818 cesserit
473 795 510 817 vel
528 795 622 816 amotus
640 793 712 815 suerit
729 794 756 814 ut
774 791 931 820 premittitur,
944 789 989 817 vel,
1003 789 1023 811 si
1039 787 1172 815 decesserit,
1185 787 1264 809 Testa-

195 829 270 851 menti
288 827 326 849 sui
348 826 490 848 Executores
508 831 549 846 scu
566 824 681 845 bonorum
701 821 809 850 ejusdem
828 820 1039 842 Administratores
1060 824 1103 847 pro
1124 816 1263 845 hujusmodi

195 858 314 880 fructibus
325 857 358 878 sic
375 854 494 884 perceptis
512 854 604 876 solvant
622 853 699 875 tribus
712 851 848 880 presbiteris
860 849 997 872 memoratis
1009 848 1034 870 id
1045 847 1110 876 quod
1121 846 1263 869 auctoritate

195 887 311 917 presentis
327 884 489 908 ordinacionis
508 885 531 905 et
545 882 637 905 Statuti
655 882 756 903 debetur
773 880 869 907 eisdem,
884 881 908 901 ct
924 879 949 901 111
961 877 1106 900 victualibus
1122 876 1262 904 sustineant,

194 918 267 947 prout
279 915 469 944 Archipresbiter
483 914 534 942 ipse
547 912 635 934 eisdem
649 911 738 933 solvere
750 912 773 932 et
784 909 900 932 sustinere
912 907 1035 930 consuevit
1045 906 1154 934 eosdem,
1172 911 1261 927 necnon

195 948 275 970 omnia
292 946 338 968 alia
356 951 426 967 onera
444 943 562 965 ordinaria
581 944 605 964 et
624 940 812 963 extraordinaria
832 939 895 961 dicte
913 938 1016 960 Ecclesie
1035 937 1064 959 de
1082 935 1260 962 Whitcliurche,

195 982 336 1006 quocunque
354 974 448 996 1101111110
460 973 607 999 censeantur,
620 977 696 1000 usque
714 970 744 992 ad
761 970 853 992 dictum
865 969 891 991 F.
905 967 1075 997 Apostolorum
1086 965 1151 988 Petri
1162 966 1186 987 et
1197 964 1266 986 Pauli

196 1008 325 1036 agnoscant
336 1003 483 1032 integraliter
494 1004 517 1024 et
530 1002 672 1030 supportent
683 1008 688 1028 ;
705 1001 736 1027 et,
746 1001 859 1029 preterea,
870 998 963 1020 solvant
972 995 1184 1025 Archipresbitero,
1195 1000 1265 1023 quem

196 1037 284 1059 ibidem
303 1034 433 1057 secundum
452 1032 551 1054 niodum
571 1031 680 1060 superius
698 1030 839 1052 annotatum
856 1027 937 1057 prefici
955 1026 1081 1054 eontigerit
1098 1030 1262 1052 successorem,

196 1066 296 1095 singulis
313 1063 460 1093 septimanis,
473 1064 600 1091 postquam
618 1060 690 1082 fuerit
706 1059 739 1081 sic
750 1059 870 1088 prefectus
882 1064 957 1086 usque
968 1056 998 1078 ad
1009 1056 1101 1078 dictum
1113 1055 1140 1077 F.
1153 1053 1264 1082 Apostol-

197 1103 266 1118 orum
276 1095 340 1117 Petri
351 1096 375 1116 et
384 1092 461 1120 Pauli,
471 1091 576 1120 singulos
588 1090 648 1112 111105
659 1089 747 1112 solidos
759 1088 926 1116 sterlingorum
930 1104 935 1115 ,
944 1086 990 1108 nisi
1000 1085 1064 1107 idem
1076 1083 1265 1113 Archipresbiter

198 1125 331 1154 altilagium
352 1123 427 1152 ipsius
449 1121 552 1143 Eeclesie
578 1119 757 1149 percipiendum
779 1118 817 1140 rel
842 1118 933 1146 partem
961 1115 1066 1144 ejusdem
1093 1114 1119 1136 in
1145 1113 1266 1136 solucione

198 1154 339 1184 hujusmodi
357 1154 459 1175 duorum
478 1150 616 1177 solidorum,
635 1150 708 1178 prout
729 1149 791 1170 inter
807 1154 831 1169 sc
852 1153 924 1175 super
942 1146 987 1168 hoc
1005 1145 1118 1174 poterunt
1134 1142 1265 1170 convenire,

199 1185 296 1207 duxerit
310 1182 460 1211 eligendum:
478 1181 502 1203 in
520 1180 588 1208 cujus
607 1178 730 1201 eleccionis
741 1180 861 1204 eventum,
875 1177 895 1198 si
913 1176 955 1198 fiat
973 1181 1015 1204 per
1033 1172 1263 1202 Archipresbiterum

198 1215 364 1240 memoratum,
374 1212 394 1234 si
404 1211 468 1233 idem
479 1210 614 1238 altilagium
625 1216 668 1237 pro
679 1209 731 1230 tota
742 1207 860 1229 solucione
873 1205 1012 1234 hujusmodi
1023 1204 1126 1225 duorum
1137 1202 1266 1224 solidorum

199 1245 308 1273 eligatur,
321 1244 380 1265 tuuc
391 1242 466 1263 cesset
476 1240 500 1262 in
512 1241 590 1261 totum
601 1246 606 1267 3
619 1239 646 1266 si,
656 1245 718 1265 vero,
730 1244 784 1266 pars
795 1236 901 1265 ejusdem
913 1234 1013 1263 altilagii
1024 1233 1048 1255 in
1059 1234 1126 1262 parte
1137 1231 1263 1254 solueionis

199 1273 326 1296 eorundem
344 1271 399 1300 eligi
418 1269 551 1298 contigerit,
566 1271 625 1291 tunc
642 1270 717 1290 cesset
734 1267 824 1289 50111010
835 1266 859 1287 111
877 1272 904 1287 ea
920 1266 988 1293 parte
1006 1263 1085 1292 quoad
1101 1262 1162 1284 duos
1179 1261 1266 1283 solidos

199 1303 340 1326 antedictos.
374 1301 406 1328 Si,
426 1306 488 1327 vem,
508 1298 692 1327 archipresbiter
708 1297 765 1325 ipsc,
779 1296 841 1318 inter
857 1295 883 1317 F.
896 1293 1068 1323 Apostolorum
1081 1292 1144 1314 Petri
1159 1292 1183 1313 et
1199 1289 1266 1312 Pauli

199 1333 335 1363 predictum
352 1332 376 1353 et
392 1331 419 1352 F.
434 1329 501 1352 Beati
519 1327 643 1350 Michaelis
661 1328 685 1349 in
697 1326 838 1355 Septembri,
852 1324 954 1351 cesserit,
964 1323 1071 1350 forsitan,
1085 1320 1218 1348 decesserit,
1231 1319 1268 1342 vel

200 1364 258 1386 alias
270 1361 374 1390 legitime
386 1361 481 1382 amotus
493 1358 572 1385 fuerit,
586 1357 704 1379 fructibus
716 1355 871 1378 decimalibus
888 1354 994 1382 ejusdem
1010 1352 1066 1374 anui
1077 1351 1184 1374 fortassis
1194 1357 1208 1372 a
1218 1349 1267 1372 solo

201 1392 317 1422 separatis
331 1392 355 1413 et
371 1396 414 1419 per
428 1388 529 1411 cundem
541 1388 608 1416 prius
619 1393 662 1415 pro
673 1387 740 1415 parte
752 1385 870 1414 perceptis
880 1387 904 1406 et
912 1382 1068 1411 consumptis,
1079 1379 1268 1409 Archipresbiter

200 1429 276 1445 novus
303 1420 430 1443 succedens
456 1418 532 1440 eidem
559 1418 638 1439 totum
660 1415 783 1438 residuum
804 1413 943 1442 hujusmodi
968 1413 1092 1434 fructuum
1118 1409 1267 1432 decimalium

200 1452 338 1474 nullatenus
357 1449 550 1477 consumptorum
564 1446 677 1469 Parochie
692 1445 755 1467 dicte
772 1444 882 1471 Ecclesie,
895 1445 944 1465 tam
964 1441 1068 1464 exterius
1084 1441 1110 1462 in
1126 1444 1266 1469 quocunque

200 1482 252 1504 loco
274 1479 429 1503 existencium
451 1484 523 1506 quam
544 1477 569 1498 iu
590 1476 679 1497 horreis
701 1475 789 1496 ibidem
807 1473 991 1499 reconditorum,
1010 1471 1068 1493 dum
1085 1472 1165 1493 tamen
1185 1468 1266 1491 Archi-

202 1511 320 1541 presbiter
344 1510 394 1538 ipse
415 1513 534 1530 successor
553 1505 695 1528 satisfecerit
711 1505 740 1526 de
761 1503 866 1532 inpensis
886 1502 1003 1531 appositis
1024 1501 1085 1522 circa
1106 1498 1266 1521 colleccionem

200 1542 323 1564 fructuum
341 1538 477 1564 eorundem,
493 1536 581 1558 habeat
598 1537 621 1557 et
640 1534 771 1563 percipiat;
789 1534 813 1555 et
827 1533 852 1555 in
869 1533 981 1554 eventum
997 1530 1066 1552 illum
1077 1527 1267 1557 Archipresbiter

200 1572 251 1600 ipse
262 1569 388 1593 succedens
399 1574 442 1596 pro
453 1568 505 1589 rata
517 1566 590 1595 partis
600 1564 737 1593 hujusmodi
744 1564 866 1585 fructuum
876 1568 947 1590 quani
957 1561 989 1583 sic
1000 1559 1107 1589 percepit
1116 1566 1122 1587 ;
1139 1563 1265 1587 precessor,

200 1607 263 1628 vero,
276 1600 353 1628 ipsius
372 1598 393 1620 si
410 1597 506 1619 cesserit
525 1595 562 1617 vel
579 1595 637 1617 alias
649 1595 744 1616 amotus
755 1593 836 1620 suerit,
849 1594 892 1614 aut
903 1591 923 1613 si
934 1590 1060 1613 decesserit
1070 1587 1216 1611 Testamenti
1226 1587 1263 1609 sui

200 1631 343 1653 Executores
362 1634 403 1650 seu
421 1627 539 1648 bonorum
556 1624 663 1653 ejusdem
681 1623 900 1649 Administratores,
918 1627 961 1649 pro
979 1621 1031 1642 rata
1047 1618 1122 1648 partis
1139 1616 1265 1640 eorundem

198 1661 320 1683 fructuum
333 1658 367 1680 510
378 1656 491 1686 primitus
503 1655 707 1682 consumptorum,
721 1652 800 1674 omnia
816 1654 839 1674 et
856 1651 949 1679 singula
965 1656 1036 1671 onera
1051 1647 1188 1676 supradicta
1195 1646 1265 1675 juxta

198 1690 298 1712 modum
319 1687 430 1716 superius
451 1686 590 1707 annotatum
615 1683 694 1705 subire
715 1684 739 1704 et
760 1688 884 1710 agnoscere
905 1680 1039 1702 teneantur.
1082 1678 1117 1700 De
1138 1676 1262 1702 fructibus,

200 1721 287 1747 autem,
301 1724 360 1747 quos
372 1717 396 1738 in
405 1715 544 1738 Sanctuario
556 1714 632 1742 ipsius
644 1712 746 1735 Ecelesie
758 1711 833 1733 excoli
844 1712 868 1732 et
879 1716 981 1732 crescere
992 1707 1124 1736 contigerit,
1137 1705 1265 1729 statuimus

200 1751 224 1772 et
234 1749 380 1775 ordinamus,
394 1746 423 1768 de
434 1751 531 1767 assensu
543 1744 567 1765 et
578 1743 676 1765 consilio
687 1741 808 1770 predictis,
819 1740 883 1769 quod
895 1737 1086 1767 Archipresbiter
1095 1736 1229 1763 succedens,
1238 1735 1265 1757 ut

200 1778 357 1808 premittitur,
368 1781 510 1805 quocunque
522 1775 628 1801 tempore
640 1772 696 1794 anni
707 1771 810 1798 cesserit,
823 1769 957 1797 decesserit,
973 1768 1011 1790 vel
1022 1767 1080 1789 alias
1091 1767 1185 1789 amotus
1195 1764 1266 1787 fuerit

199 1814 320 1837 precessor
339 1806 375 1828 vel
392 1804 543 1834 predecessor
561 1803 646 1831 ipsius,
659 1801 746 1823 habeat
762 1802 786 1823 et
802 1799 918 1829 percipiat
929 1804 1009 1820 omnes
1020 1797 1114 1819 fructus
1125 1794 1230 1818 excultos
1240 1793 1265 1816 in

200 1837 340 1861 Sanctuan'o
358 1835 503 1861 memorat0;
521 1832 643 1854 satisfacto
660 1831 705 1853 sibi
722 1837 765 1859 per
775 1830 933 1852 memoratum
944 1826 1175 1855 Archipresbiterum
1191 1829 1265 1846 succe-

202 1868 305 1895 dentem,
319 1867 338 1888 si
356 1864 452 1887 cesserit
468 1863 506 1885 vel
525 1863 619 1884 amotus
638 1861 711 1883 fuerit
729 1866 849 1889 precessor
863 1858 947 1887 ipsius,
960 1857 1005 1885 vel,
1019 1856 1039 1878 si
1056 1854 1189 1882 decesserit,
1208 1853 1266 1876 Exe-

200 1897 325 1920 cutoribus
336 1893 483 1917 Testamenti
500 1892 538 1914 sui
549 1891 586 1913 vel
601 1891 718 1913 bonorum
737 1889 844 1918 ejusdem
855 1885 1105 1913 Administratoribus,
1118 1884 1147 1907 de
1163 1881 1265 1912 inpensis

201 1927 329 1949 dumtaxat
346 1923 462 1953 appositis
482 1922 543 1944 circa
560 1920 731 1949 agriculturam
751 1918 886 1941 Sanctuarii
905 1916 1047 1943 memorati;
1074 1916 1099 1937 et
1119 1914 1139 1937 si
1160 1912 1218 1942 quid
1237 1911 1266 1934 de

201 1956 289 1979 eisdem
301 1954 420 1977 fructibus
427 1953 452 1974 in
464 1951 604 1974 Sanctuario
613 1950 715 1972 excultis
722 1950 776 1971 ante
785 1948 921 1975 cessionem,
935 1946 1089 1972 amocionem,
1099 1944 1137 1966 vel
1146 1943 1266 1965 decessum

199 1985 339 2016 precessoris
350 1982 499 2006 reconditum
510 1981 592 2007 fucrit,
605 1980 642 2002 vel
658 1979 716 2001 alias
728 1979 788 2000 forte
800 1978 977 2005 consumptum,
990 1975 1014 1997 in
1025 1976 1134 1997 eventum
1147 1973 1215 1995 illum
1226 1971 1266 1993 fiat

199 2023 271 2045 super
287 2014 334 2037 hiis
351 2014 423 2042 prout
440 2012 465 2033 in
483 2011 529 2033 alio
542 2017 597 2032 casu
608 2009 636 2031 de
654 2008 773 2031 fructibus
785 2007 941 2029 decimalibus
952 2004 1062 2034 superius
1074 2005 1110 2026 est
1120 2007 1262 2032 expressum,

197 2047 250 2075 jure
262 2044 299 2067 vel
310 2041 482 2066 consuetudine
500 2040 565 2068 quod
581 2039 618 2061 vel
635 2046 681 2068 quc
700 2038 729 2060 de
746 2037 825 2060 inedia
842 2035 1025 2064 Quadragesima
1041 2034 1066 2056 in
1082 2034 1164 2055 nostra
1174 2030 1265 2054 Diocesi

199 2075 317 2098 usitatum
334 2073 359 2095 111
377 2071 430 2094 aliis
448 2069 590 2092 uector-ibus
609 2069 689 2091 locum
707 2067 807 2096 optinet,
820 2073 868 2088 nou
879 2065 988 2088 obstante
1000 2071 1005 2092 ;
1019 2063 1116 2093 juribus
1131 2063 1156 2084 et
1171 2066 1263 2084 consue-

197 2104 323 2128 tudinibus
341 2103 365 2125 in
382 2100 526 2125 admissione
543 2106 585 2121 5011
602 2098 737 2128 repulsione
749 2097 876 2119 Rectorum
888 2094 1023 2126 etaliorum
1035 2091 1232 2123 preficiendorum
1241 2089 1266 2112 in
