<?xml version="1.0" encoding="UTF-8"?>
<!DOCTYPE html PUBLIC "-//W3C//DTD XHTML 1.0 Transitional//EN"
    "http://www.w3.org/TR/xhtml1/DTD/xhtml1-transitional.dtd">
<html xmlns="http://www.w3.org/1999/xhtml" xml:lang="en" lang="en">
 <head>
  <title>
</title>
<meta http-equiv="Content-Type" content="text/html;charset=utf-8" />
  <meta name='ocr-system' content='tesseract 3.04.00' />
  <meta name='ocr-capabilities' content='ocr_page ocr_carea ocr_par ocr_line ocrx_word'/>
</head>
<body>
  <div class='ocr_page' id='page_1' title='image "./registerofwalter00exet_0214.png"; bbox 0 0 1328 2295; ppageno 0'>
   <div class='ocr_carea' id='block_1_1' title="bbox 107 154 1064 198">
    <p class='ocr_par' dir='ltr' id='par_1_1' title="bbox 107 154 1064 198">
     <span class='ocr_line' id='line_1_1' title="bbox 107 154 1064 198; baseline 0.007 -7"><span class='ocrx_word' id='word_1_1' title='bbox 107 154 178 192; x_wconf 75' lang='grc'>172</span> <span class='ocrx_word' id='word_1_2' title='bbox 292 168 365 194; x_wconf 85' lang='lat' dir='ltr'>THE</span> <span class='ocrx_word' id='word_1_3' title='bbox 389 168 575 197; x_wconf 84' lang='lat' dir='ltr'>REGISTER</span> <span class='ocrx_word' id='word_1_4' title='bbox 601 170 646 197; x_wconf 88' lang='lat' dir='ltr'>OF</span> <span class='ocrx_word' id='word_1_5' title='bbox 671 168 808 198; x_wconf 82' lang='lat' dir='ltr'>BISHOP</span> <span class='ocrx_word' id='word_1_6' title='bbox 836 170 1064 198; x_wconf 82' lang='lat' dir='ltr'>STAPELDON.</span> 
     </span>
    </p>
   </div>
   <div class='ocr_carea' id='block_1_2' title="bbox 99 245 1268 1019">
    <p class='ocr_par' dir='ltr' id='par_1_2' title="bbox 99 245 1268 1019">
     <span class='ocr_line' id='line_1_2' title="bbox 106 245 1268 279; baseline 0.007 -14"><span class='ocrx_word' id='word_1_7' title='bbox 106 245 137 265; x_wconf 84' lang='lat' dir='ltr'>cis</span> <span class='ocrx_word' id='word_1_8' title='bbox 145 250 376 276; x_wconf 69' lang='lat' dir='ltr'>arno-nonnunquam</span> <span class='ocrx_word' id='word_1_9' title='bbox 387 246 523 270; x_wconf 83' lang='lat' dir='ltr'>audivimus</span> <span class='ocrx_word' id='word_1_10' title='bbox 535 247 668 277; x_wconf 76' lang='lat' dir='ltr'>contigisse,</span> <span class='ocrx_word' id='word_1_11' title='bbox 680 248 792 271; x_wconf 86' lang='lat' dir='ltr'>volumus</span> <span class='ocrx_word' id='word_1_12' title='bbox 803 250 826 272; x_wconf 85' lang='lat' dir='ltr'>et</span> <span class='ocrx_word' id='word_1_13' title='bbox 833 249 948 277; x_wconf 85' lang='lat' dir='ltr'>jubemus</span> <span class='ocrx_word' id='word_1_14' title='bbox 966 249 1032 279; x_wconf 84' lang='lat' dir='ltr'>quod</span> <span class='ocrx_word' id='word_1_15' title='bbox 1048 249 1113 279; x_wconf 85' lang='lat' dir='ltr'>porci</span> <span class='ocrx_word' id='word_1_16' title='bbox 1124 249 1209 272; x_wconf 86' lang='lat' dir='ltr'>amodo</span> <span class='ocrx_word' id='word_1_17' title='bbox 1225 256 1268 279; x_wconf 84' lang='lat' dir='ltr'>per</span> 
     </span>
     <span class='ocr_line' id='line_1_3' title="bbox 105 270 1268 308; baseline 0.003 -10"><span class='ocrx_word' id='word_1_18' title='bbox 105 270 188 291; x_wconf 63' lang='lat' dir='ltr'>Vffiffis·</span> <span class='ocrx_word' id='word_1_19' title='bbox 196 276 286 298; x_wconf 83' lang='lat' dir='ltr'>curiam</span> <span class='ocrx_word' id='word_1_20' title='bbox 298 276 327 299; x_wconf 89' lang='lat' dir='ltr'>de</span> <span class='ocrx_word' id='word_1_21' title='bbox 338 277 510 299; x_wconf 83' lang='lat' dir='ltr'>consuetudine</span> <span class='ocrx_word' id='word_1_22' title='bbox 525 284 573 299; x_wconf 88' lang='lat' dir='ltr'>non</span> <span class='ocrx_word' id='word_1_23' title='bbox 584 280 706 306; x_wconf 82' lang='lat' dir='ltr'>vagentur,</span> <span class='ocrx_word' id='word_1_24' title='bbox 725 280 761 301; x_wconf 83' lang='lat' dir='ltr'>set</span> <span class='ocrx_word' id='word_1_25' title='bbox 776 279 801 301; x_wconf 93' lang='lat' dir='ltr'>in</span> <span class='ocrx_word' id='word_1_26' title='bbox 816 279 897 308; x_wconf 85' lang='lat' dir='ltr'>aliquo</span> <span class='ocrx_word' id='word_1_27' title='bbox 912 279 964 302; x_wconf 87' lang='lat' dir='ltr'>loco</span> <span class='ocrx_word' id='word_1_28' title='bbox 980 280 1011 302; x_wconf 86' lang='lat' dir='ltr'>ad</span> <span class='ocrx_word' id='word_1_29' title='bbox 1026 279 1070 302; x_wconf 88' lang='grc'><strong>1100</strong></span> <span class='ocrx_word' id='word_1_30' title='bbox 1085 279 1185 308; x_wconf 80' lang='lat' dir='ltr'>ydoneo,</span> <span class='ocrx_word' id='word_1_31' title='bbox 1203 279 1268 302; x_wconf 89' lang='lat' dir='ltr'>intra</span> 
     </span>
     <span class='ocr_line' id='line_1_4' title="bbox 195 305 1265 338; baseline 0.004 -11"><span class='ocrx_word' id='word_1_32' title='bbox 195 305 286 328; x_wconf 84' lang='lat' dir='ltr'>curiam</span> <span class='ocrx_word' id='word_1_33' title='bbox 304 306 342 328; x_wconf 90' lang='lat' dir='ltr'>vel</span> <span class='ocrx_word' id='word_1_34' title='bbox 357 308 431 335; x_wconf 85' lang='lat' dir='ltr'>extra,</span> <span class='ocrx_word' id='word_1_35' title='bbox 449 306 524 329; x_wconf 83' lang='lat' dir='ltr'>clausi</span> <span class='ocrx_word' id='word_1_36' title='bbox 540 307 586 329; x_wconf 90' lang='lat' dir='ltr'>sub</span> <span class='ocrx_word' id='word_1_37' title='bbox 601 309 653 330; x_wconf 82' lang='lat' dir='ltr'>arta</span> <span class='ocrx_word' id='word_1_38' title='bbox 669 308 778 330; x_wconf 77' lang='lat' dir='ltr'>custodia</span> <span class='ocrx_word' id='word_1_39' title='bbox 793 310 926 332; x_wconf 86' lang='lat' dir='ltr'>teneantur.</span> <span class='ocrx_word' id='word_1_40' title='bbox 959 310 1030 337; x_wconf 88' lang='lat' dir='ltr'>Item,</span> <span class='ocrx_word' id='word_1_41' title='bbox 1049 309 1144 338; x_wconf 85' lang='lat' dir='ltr'>quando</span> <span class='ocrx_word' id='word_1_42' title='bbox 1161 309 1265 338; x_wconf 78' lang='lat' dir='ltr'>aliquem</span> 
     </span>
     <span class='ocr_line' id='line_1_5' title="bbox 105 325 1265 371; baseline 0.003 -14"><span class='ocrx_word' id='word_1_43' title='bbox 105 325 371 371; x_wconf 48' lang='lat' dir='ltr'>t¹3311⁰iff23f⁸3¹bCanonicornm</span> <span class='ocrx_word' id='word_1_44' title='bbox 391 343 434 365; x_wconf 89' lang='lat' dir='ltr'>pro</span> <span class='ocrx_word' id='word_1_45' title='bbox 454 336 541 358; x_wconf 83' lang='lat' dir='ltr'>Ordine</span> <span class='ocrx_word' id='word_1_46' title='bbox 562 337 705 366; x_wconf 85' lang='lat' dir='ltr'>recipiendo,</span> <span class='ocrx_word' id='word_1_47' title='bbox 729 337 758 360; x_wconf 91' lang='lat' dir='ltr'>de</span> <span class='ocrx_word' id='word_1_48' title='bbox 778 338 878 361; x_wconf 77' lang='lat' dir='ltr'>licencia</span> <span class='ocrx_word' id='word_1_49' title='bbox 898 339 1001 361; x_wconf 83' lang='lat' dir='ltr'>Abbatis</span> <span class='ocrx_word' id='word_1_50' title='bbox 1022 339 1059 361; x_wconf 90' lang='lat' dir='ltr'>vel</span> <span class='ocrx_word' id='word_1_51' title='bbox 1077 339 1129 368; x_wconf 87' lang='lat' dir='ltr'>ejus</span> <span class='ocrx_word' id='word_1_52' title='bbox 1146 339 1177 361; x_wconf 84' lang='lat' dir='ltr'>ad</span> <span class='ocrx_word' id='word_1_53' title='bbox 1193 345 1265 367; x_wconf 85' lang='lat' dir='ltr'>quem</span> 
     </span>
     <span class='ocr_line' id='line_1_6' title="bbox 177 365 1264 397; baseline 0.004 -10"><span class='ocrx_word' id='word_1_54' title='bbox 177 366 182 371; x_wconf 86' lang='lat'><strong>¹</strong></span> <span class='ocrx_word' id='word_1_55' title='bbox 196 365 307 393; x_wconf 81' lang='lat' dir='ltr'>pertinet,</span> <span class='ocrx_word' id='word_1_56' title='bbox 327 372 355 388; x_wconf 82' lang='lat' dir='ltr'>ex</span> <span class='ocrx_word' id='word_1_57' title='bbox 372 365 470 395; x_wconf 86' lang='lat' dir='ltr'>speciali</span> <span class='ocrx_word' id='word_1_58' title='bbox 487 366 652 389; x_wconf 74' lang='lat' dir='ltr'>commissione</span> <span class='ocrx_word' id='word_1_59' title='bbox 665 367 772 395; x_wconf 87' lang='lat' dir='ltr'>ejusdem</span> <span class='ocrx_word' id='word_1_60' title='bbox 784 368 886 391; x_wconf 84' lang='lat' dir='ltr'>Abbatis</span> <span class='ocrx_word' id='word_1_61' title='bbox 902 368 1034 391; x_wconf 85' lang='lat' dir='ltr'>secundum</span> <span class='ocrx_word' id='word_1_62' title='bbox 1049 368 1156 397; x_wconf 85' lang='lat' dir='ltr'>regulam</span> <span class='ocrx_word' id='word_1_63' title='bbox 1172 375 1186 391; x_wconf 89' lang='lat' dir='ltr'>a</span> <span class='ocrx_word' id='word_1_64' title='bbox 1197 368 1264 390; x_wconf 86' lang='lat' dir='ltr'>Mon-</span> 
     </span>
     <span class='ocr_line' id='line_1_7' title="bbox 194 395 1266 426; baseline 0.003 -9"><span class='ocrx_word' id='word_1_65' title='bbox 194 395 281 417; x_wconf 77' lang='lat' dir='ltr'>asterio</span> <span class='ocrx_word' id='word_1_66' title='bbox 301 397 380 417; x_wconf 86' lang='lat' dir='ltr'>vestro</span> <span class='ocrx_word' id='word_1_67' title='bbox 402 395 464 417; x_wconf 79' lang='lat' dir='ltr'>exire</span> <span class='ocrx_word' id='word_1_68' title='bbox 486 396 614 424; x_wconf 77' lang='lat' dir='ltr'>continget,</span> <span class='ocrx_word' id='word_1_69' title='bbox 638 396 667 418; x_wconf 87' lang='lat' dir='ltr'>de</span> <span class='ocrx_word' id='word_1_70' title='bbox 688 397 798 425; x_wconf 81' lang='lat' dir='ltr'>expensis</span> <span class='ocrx_word' id='word_1_71' title='bbox 815 399 839 420; x_wconf 79' lang='lat' dir='ltr'>et</span> <span class='ocrx_word' id='word_1_72' title='bbox 856 400 954 420; x_wconf 84' lang='lat' dir='ltr'>vectura</span> <span class='ocrx_word' id='word_1_73' title='bbox 974 398 999 420; x_wconf 94' lang='lat' dir='ltr'>in</span> <span class='ocrx_word' id='word_1_74' title='bbox 1017 399 1103 426; x_wconf 85' lang='lat' dir='ltr'>eundo,</span> <span class='ocrx_word' id='word_1_75' title='bbox 1124 398 1217 426; x_wconf 84' lang='lat' dir='ltr'>stando,</span> <span class='ocrx_word' id='word_1_76' title='bbox 1241 399 1266 420; x_wconf 81' lang='lat' dir='ltr'>et</span> 
     </span>
     <span class='ocr_line' id='line_1_8' title="bbox 193 424 1264 457; baseline 0.004 -11"><span class='ocrx_word' id='word_1_77' title='bbox 193 424 314 447; x_wconf 87' lang='lat' dir='ltr'>redeundo</span> <span class='ocrx_word' id='word_1_78' title='bbox 333 425 470 447; x_wconf 79' lang='lat' dir='ltr'>necessariis</span> <span class='ocrx_word' id='word_1_79' title='bbox 492 425 537 447; x_wconf 87' lang='lat' dir='ltr'>sibi</span> <span class='ocrx_word' id='word_1_80' title='bbox 553 425 673 454; x_wconf 80' lang='lat' dir='ltr'>provideri</span> <span class='ocrx_word' id='word_1_81' title='bbox 685 426 796 448; x_wconf 85' lang='lat' dir='ltr'>volumus</span> <span class='ocrx_word' id='word_1_82' title='bbox 812 434 854 456; x_wconf 82' lang='lat' dir='ltr'>per</span> <span class='ocrx_word' id='word_1_83' title='bbox 865 427 999 456; x_wconf 86' lang='lat' dir='ltr'>Abbatem;</span> <span class='ocrx_word' id='word_1_84' title='bbox 1016 428 1051 450; x_wconf 87' lang='lat' dir='ltr'>ita</span> <span class='ocrx_word' id='word_1_85' title='bbox 1062 428 1127 457; x_wconf 81' lang='lat' dir='ltr'>quod</span> <span class='ocrx_word' id='word_1_86' title='bbox 1141 428 1264 456; x_wconf 84' lang='lat' dir='ltr'>predictus</span> 
     </span>
     <span class='ocr_line' id='line_1_9' title="bbox 194 454 1264 486; baseline 0.003 -10"><span class='ocrx_word' id='word_1_87' title='bbox 194 454 335 483; x_wconf 81' lang='lat' dir='ltr'>Canonicus,</span> <span class='ocrx_word' id='word_1_88' title='bbox 356 456 467 483; x_wconf 84' lang='lat' dir='ltr'>suscepto</span> <span class='ocrx_word' id='word_1_89' title='bbox 486 454 572 476; x_wconf 83' lang='lat' dir='ltr'>Ordine</span> <span class='ocrx_word' id='word_1_90' title='bbox 591 455 738 484; x_wconf 78' lang='lat' dir='ltr'>huiusmodi,</span> <span class='ocrx_word' id='word_1_91' title='bbox 758 458 863 479; x_wconf 83' lang='lat' dir='ltr'>cessante</span> <span class='ocrx_word' id='word_1_92' title='bbox 883 464 954 479; x_wconf 84' lang='lat' dir='ltr'>causa</span> <span class='ocrx_word' id='word_1_93' title='bbox 970 457 1085 486; x_wconf 83' lang='lat' dir='ltr'>legitima,</span> <span class='ocrx_word' id='word_1_94' title='bbox 1103 457 1186 480; x_wconf 86' lang='lat' dir='ltr'>redeat</span> <span class='ocrx_word' id='word_1_95' title='bbox 1202 457 1264 479; x_wconf 78' lang='lat' dir='ltr'>infra</span> 
     </span>
     <span class='ocr_line' id='line_1_10' title="bbox 193 484 1263 515; baseline 0.003 -9"><span class='ocrx_word' id='word_1_96' title='bbox 193 484 322 506; x_wconf 87' lang='lat' dir='ltr'>terminum</span> <span class='ocrx_word' id='word_1_97' title='bbox 334 486 517 513; x_wconf 76' lang='lat' dir='ltr'>competentem,</span> <span class='ocrx_word' id='word_1_98' title='bbox 538 485 685 507; x_wconf 82' lang='lat' dir='ltr'>considerata</span> <span class='ocrx_word' id='word_1_99' title='bbox 701 485 808 508; x_wconf 88' lang='lat' dir='ltr'>locorum</span> <span class='ocrx_word' id='word_1_100' title='bbox 819 486 942 514; x_wconf 87' lang='lat' dir='ltr'>distancia,</span> <span class='ocrx_word' id='word_1_101' title='bbox 961 487 1038 515; x_wconf 87' lang='lat' dir='ltr'>ipsius</span> <span class='ocrx_word' id='word_1_102' title='bbox 1049 487 1152 509; x_wconf 81' lang='lat' dir='ltr'>Abbatis</span> <span class='ocrx_word' id='word_1_103' title='bbox 1162 486 1201 509; x_wconf 84' lang='lat' dir='ltr'>vel</span> <span class='ocrx_word' id='word_1_104' title='bbox 1211 487 1263 515; x_wconf 86' lang='lat' dir='ltr'>ejus</span> 
     </span>
     <span class='ocr_line' id='line_1_11' title="bbox 103 513 1263 545; baseline 0.003 -10"><span class='ocrx_word' id='word_1_105' title='bbox 103 513 219 545; x_wconf 54' lang='lat' dir='ltr'>Deonnjn</span> <span class='ocrx_word' id='word_1_106' title='bbox 243 514 286 536; x_wconf 88' lang='lat' dir='ltr'>hac</span> <span class='ocrx_word' id='word_1_107' title='bbox 306 515 375 543; x_wconf 86' lang='lat' dir='ltr'>parte</span> <span class='ocrx_word' id='word_1_108' title='bbox 396 514 474 536; x_wconf 88' lang='lat' dir='ltr'>locum</span> <span class='ocrx_word' id='word_1_109' title='bbox 495 514 598 536; x_wconf 81' lang='lat' dir='ltr'>tenentis</span> <span class='ocrx_word' id='word_1_110' title='bbox 620 515 719 537; x_wconf 82' lang='lat' dir='ltr'>arbitrio</span> <span class='ocrx_word' id='word_1_111' title='bbox 736 515 804 544; x_wconf 78' lang='lat' dir='ltr'>juste</span> <span class='ocrx_word' id='word_1_112' title='bbox 824 516 1003 539; x_wconf 83' lang='lat' dir='ltr'>moderandum.</span> <span class='ocrx_word' id='word_1_113' title='bbox 1036 517 1106 544; x_wconf 85' lang='lat' dir='ltr'>Item,</span> <span class='ocrx_word' id='word_1_114' title='bbox 1130 516 1263 539; x_wconf 81' lang='lat' dir='ltr'>eanonicus</span> 
     </span>
     <span class='ocr_line' id='line_1_12' title="bbox 103 543 1261 575; baseline 0.003 -10"><span class='ocrx_word' id='word_1_115' title='bbox 103 550 172 570; x_wconf 66' lang='lat' dir='ltr'>officis</span> <span class='ocrx_word' id='word_1_116' title='bbox 194 543 304 566; x_wconf 89' lang='lat' dir='ltr'>infirmus</span> <span class='ocrx_word' id='word_1_117' title='bbox 320 550 363 572; x_wconf 87' lang='lat' dir='ltr'>pro</span> <span class='ocrx_word' id='word_1_118' title='bbox 374 543 491 572; x_wconf 80' lang='lat' dir='ltr'>qualitate</span> <span class='ocrx_word' id='word_1_119' title='bbox 502 543 648 566; x_wconf 84' lang='lat' dir='ltr'>infirmitatis</span> <span class='ocrx_word' id='word_1_120' title='bbox 660 551 732 573; x_wconf 86' lang='lat' dir='ltr'>quam</span> <span class='ocrx_word' id='word_1_121' title='bbox 748 545 841 573; x_wconf 86' lang='lat' dir='ltr'>patitur</span> <span class='ocrx_word' id='word_1_122' title='bbox 851 545 909 568; x_wconf 85' lang='lat' dir='ltr'>cibis</span> <span class='ocrx_word' id='word_1_123' title='bbox 921 546 1116 568; x_wconf 86' lang='lat' dir='ltr'>convenientibus</span> <span class='ocrx_word' id='word_1_124' title='bbox 1127 546 1261 575; x_wconf 82' lang='lat' dir='ltr'>reficiatur3</span> 
     </span>
     <span class='ocr_line' id='line_1_13' title="bbox 104 573 1263 604; baseline 0.003 -9"><span class='ocrx_word' id='word_1_125' title='bbox 104 575 185 603; x_wconf 73' lang='lat' dir='ltr'>infirm·</span> <span class='ocrx_word' id='word_1_126' title='bbox 194 574 225 601; x_wconf 86' lang='lat' dir='ltr'>et,</span> <span class='ocrx_word' id='word_1_127' title='bbox 254 573 274 595; x_wconf 91' lang='lat' dir='ltr'>si</span> <span class='ocrx_word' id='word_1_128' title='bbox 298 573 354 595; x_wconf 89' lang='lat' dir='ltr'>vino</span> <span class='ocrx_word' id='word_1_129' title='bbox 380 573 495 601; x_wconf 76' lang='lat' dir='ltr'>indigeat,</span> <span class='ocrx_word' id='word_1_130' title='bbox 522 574 652 595; x_wconf 88' lang='lat' dir='ltr'>secundum</span> <span class='ocrx_word' id='word_1_131' title='bbox 674 574 815 602; x_wconf 81' lang='lat' dir='ltr'>qualitatem</span> <span class='ocrx_word' id='word_1_132' title='bbox 841 575 919 597; x_wconf 83' lang='lat' dir='ltr'>morbi</span> <span class='ocrx_word' id='word_1_133' title='bbox 939 575 968 597; x_wconf 85' lang='lat' dir='ltr'>de</span> <span class='ocrx_word' id='word_1_134' title='bbox 990 575 1075 598; x_wconf 83' lang='lat' dir='ltr'>celario</span> <span class='ocrx_word' id='word_1_135' title='bbox 1096 575 1199 598; x_wconf 87' lang='lat' dir='ltr'>Abbatis</span> <span class='ocrx_word' id='word_1_136' title='bbox 1220 583 1263 604; x_wconf 89' lang='lat' dir='ltr'>per</span> 
     </span>
     <span class='ocr_line' id='line_1_14' title="bbox 103 603 1262 633; baseline 0.003 -9"><span class='ocrx_word' id='word_1_137' title='bbox 103 606 127 620; x_wconf 73' lang='lat'>1⁵·</span> <span class='ocrx_word' id='word_1_138' title='bbox 193 603 339 630; x_wconf 83' lang='lat' dir='ltr'>celerarium,</span> <span class='ocrx_word' id='word_1_139' title='bbox 363 603 494 625; x_wconf 86' lang='lat' dir='ltr'>secundum</span> <span class='ocrx_word' id='word_1_140' title='bbox 515 603 616 625; x_wconf 84' lang='lat' dir='ltr'>formam</span> <span class='ocrx_word' id='word_1_141' title='bbox 638 605 774 626; x_wconf 74' lang='lat' dir='ltr'>contentam</span> <span class='ocrx_word' id='word_1_142' title='bbox 796 605 895 627; x_wconf 81' lang='lat' dir='ltr'>interius</span> <span class='ocrx_word' id='word_1_143' title='bbox 915 605 1089 633; x_wconf 85' lang='lat' dir='ltr'>deputandum,</span> <span class='ocrx_word' id='word_1_144' title='bbox 1112 605 1262 628; x_wconf 80' lang='lat' dir='ltr'>ministretur</span> 
     </span>
     <span class='ocr_line' id='line_1_15' title="bbox 193 632 1262 663; baseline 0.002 -8"><span class='ocrx_word' id='word_1_145' title='bbox 193 632 284 661; x_wconf 86' lang='lat' dir='ltr'>eidem;</span> <span class='ocrx_word' id='word_1_146' title='bbox 302 633 338 655; x_wconf 91' lang='lat' dir='ltr'>ita</span> <span class='ocrx_word' id='word_1_147' title='bbox 355 632 419 661; x_wconf 85' lang='lat' dir='ltr'>quod</span> <span class='ocrx_word' id='word_1_148' title='bbox 434 632 551 661; x_wconf 78' lang='lat' dir='ltr'>grossiora</span> <span class='ocrx_word' id='word_1_149' title='bbox 567 632 662 661; x_wconf 77' lang='lat' dir='ltr'>cibaria,</span> <span class='ocrx_word' id='word_1_150' title='bbox 683 640 729 662; x_wconf 85' lang='lat' dir='ltr'>que</span> <span class='ocrx_word' id='word_1_151' title='bbox 747 634 791 656; x_wconf 80' lang='lat' dir='ltr'>sihi</span> <span class='ocrx_word' id='word_1_152' title='bbox 809 635 971 663; x_wconf 84' lang='lat' dir='ltr'>compctencia</span> <span class='ocrx_word' id='word_1_153' title='bbox 985 641 1033 657; x_wconf 90' lang='lat' dir='ltr'>non</span> <span class='ocrx_word' id='word_1_154' title='bbox 1049 636 1114 662; x_wconf 72' lang='lat' dir='ltr'>suut,</span> <span class='ocrx_word' id='word_1_155' title='bbox 1132 635 1158 657; x_wconf 87' lang='lat' dir='ltr'>in</span> <span class='ocrx_word' id='word_1_156' title='bbox 1173 635 1262 657; x_wconf 90' lang='lat' dir='ltr'>leviora</span> 
     </span>
     <span class='ocr_line' id='line_1_16' title="bbox 103 662 1259 693; baseline 0.003 -9"><span class='ocrx_word' id='word_1_157' title='bbox 103 670 178 690; x_wconf 69' lang='lat' dir='ltr'><strong>Delu.</strong></span> <span class='ocrx_word' id='word_1_158' title='bbox 192 663 378 690; x_wconf 79' lang='lat' dir='ltr'>commutentur,</span> <span class='ocrx_word' id='word_1_159' title='bbox 391 662 429 684; x_wconf 80' lang='lat' dir='ltr'>vel</span> <span class='ocrx_word' id='word_1_160' title='bbox 450 662 496 684; x_wconf 86' lang='lat' dir='ltr'>sibi</span> <span class='ocrx_word' id='word_1_161' title='bbox 519 662 693 685; x_wconf 77' lang='lat' dir='ltr'>subtrahantur</span> <span class='ocrx_word' id='word_1_162' title='bbox 714 664 738 685; x_wconf 85' lang='lat' dir='ltr'>et</span> <span class='ocrx_word' id='word_1_163' title='bbox 759 664 783 685; x_wconf 89' lang='lat' dir='ltr'>in</span> <span class='ocrx_word' id='word_1_164' title='bbox 804 663 957 686; x_wconf 82' lang='lat' dir='ltr'>elemosinam</span> <span class='ocrx_word' id='word_1_165' title='bbox 978 665 1155 687; x_wconf 73' lang='lat' dir='ltr'>convertantur.</span> <span class='ocrx_word' id='word_1_166' title='bbox 1188 665 1259 693; x_wconf 82' lang='lat' dir='ltr'>Item,</span> 
     </span>
     <span class='ocr_line' id='line_1_17' title="bbox 103 691 1261 723; baseline 0.001 -8"><span class='ocrx_word' id='word_1_167' title='bbox 103 696 164 716; x_wconf 82' lang='lat' dir='ltr'>mine</span> <span class='ocrx_word' id='word_1_168' title='bbox 171 691 301 715; x_wconf 81' lang='lat' dir='ltr'>inredditus</span> <span class='ocrx_word' id='word_1_169' title='bbox 323 692 456 720; x_wconf 78' lang='lat' dir='ltr'>assignatus</span> <span class='ocrx_word' id='word_1_170' title='bbox 478 691 508 714; x_wconf 84' lang='lat' dir='ltr'>ad</span> <span class='ocrx_word' id='word_1_171' title='bbox 525 692 694 714; x_wconf 82' lang='lat' dir='ltr'>inveniendum</span> <span class='ocrx_word' id='word_1_172' title='bbox 710 692 792 715; x_wconf 83' lang='lat' dir='ltr'>lumen</span> <span class='ocrx_word' id='word_1_173' title='bbox 810 693 839 715; x_wconf 84' lang='lat' dir='ltr'>de</span> <span class='ocrx_word' id='word_1_174' title='bbox 856 696 924 716; x_wconf 86' lang='lat' dir='ltr'>nocte</span> <span class='ocrx_word' id='word_1_175' title='bbox 941 694 965 716; x_wconf 87' lang='lat' dir='ltr'>in</span> <span class='ocrx_word' id='word_1_176' title='bbox 983 694 1142 723; x_wconf 81' lang='lat' dir='ltr'>infirmitorio,</span> <span class='ocrx_word' id='word_1_177' title='bbox 1165 694 1261 723; x_wconf 82' lang='lat' dir='ltr'>quando</span> 
     </span>
     <span class='ocr_line' id='line_1_18' title="bbox 102 721 1258 752; baseline 0.005 -12"><span class='ocrx_word' id='word_1_178' title='bbox 102 721 173 741; x_wconf 83' lang='lat' dir='ltr'>noete.</span> <span class='ocrx_word' id='word_1_179' title='bbox 194 721 284 744; x_wconf 83' lang='lat' dir='ltr'>suerint</span> <span class='ocrx_word' id='word_1_180' title='bbox 304 721 393 744; x_wconf 85' lang='lat' dir='ltr'>ibidem</span> <span class='ocrx_word' id='word_1_181' title='bbox 415 721 490 750; x_wconf 80' lang='lat' dir='ltr'>aliqui</span> <span class='ocrx_word' id='word_1_182' title='bbox 512 721 540 743; x_wconf 87' lang='lat' dir='ltr'>de</span> <span class='ocrx_word' id='word_1_183' title='bbox 553 721 677 744; x_wconf 72' lang='lat' dir='ltr'>Fratribus</span> <span class='ocrx_word' id='word_1_184' title='bbox 694 724 835 751; x_wconf 80' lang='lat' dir='ltr'>egrotantes,</span> <span class='ocrx_word' id='word_1_185' title='bbox 854 730 902 745; x_wconf 88' lang='lat' dir='ltr'>una</span> <span class='ocrx_word' id='word_1_186' title='bbox 924 730 979 746; x_wconf 89' lang='lat' dir='ltr'>cum</span> <span class='ocrx_word' id='word_1_187' title='bbox 1000 723 1123 752; x_wconf 81' lang='lat' dir='ltr'>arreragiis</span> <span class='ocrx_word' id='word_1_188' title='bbox 1144 723 1258 752; x_wconf 82' lang='lat' dir='ltr'>ejusdem,</span> 
     </span>
     <span class='ocr_line' id='line_1_19' title="bbox 192 751 1262 782; baseline 0.002 -8"><span class='ocrx_word' id='word_1_189' title='bbox 192 751 285 774; x_wconf 84' lang='lat' dir='ltr'>custodi</span> <span class='ocrx_word' id='word_1_190' title='bbox 306 751 458 778; x_wconf 81' lang='lat' dir='ltr'>infirmitorii,</span> <span class='ocrx_word' id='word_1_191' title='bbox 479 758 522 780; x_wconf 83' lang='lat' dir='ltr'>per</span> <span class='ocrx_word' id='word_1_192' title='bbox 542 751 663 773; x_wconf 86' lang='lat' dir='ltr'>Abbatem</span> <span class='ocrx_word' id='word_1_193' title='bbox 684 752 822 781; x_wconf 79' lang='lat' dir='ltr'>deputando</span> <span class='ocrx_word' id='word_1_194' title='bbox 844 754 868 775; x_wconf 87' lang='lat' dir='ltr'>et</span> <span class='ocrx_word' id='word_1_195' title='bbox 889 753 985 782; x_wconf 87' lang='lat' dir='ltr'>quando</span> <span class='ocrx_word' id='word_1_196' title='bbox 1007 755 1153 782; x_wconf 82' lang='lat' dir='ltr'>oportunum</span> <span class='ocrx_word' id='word_1_197' title='bbox 1173 753 1262 776; x_wconf 77' lang='lat' dir='ltr'>viderit</span> 
     </span>
     <span class='ocr_line' id='line_1_20' title="bbox 191 780 1261 812; baseline 0.002 -9"><span class='ocrx_word' id='word_1_198' title='bbox 191 781 329 809; x_wconf 84' lang='lat' dir='ltr'>amovendo,</span> <span class='ocrx_word' id='word_1_199' title='bbox 348 780 434 803; x_wconf 87' lang='lat' dir='ltr'>amodo</span> <span class='ocrx_word' id='word_1_200' title='bbox 450 780 579 808; x_wconf 83' lang='lat' dir='ltr'>liberetur;</span> <span class='ocrx_word' id='word_1_201' title='bbox 597 781 638 810; x_wconf 81' lang='lat' dir='ltr'>qui</span> <span class='ocrx_word' id='word_1_202' title='bbox 650 781 678 803; x_wconf 87' lang='lat' dir='ltr'>de</span> <span class='ocrx_word' id='word_1_203' title='bbox 689 782 790 810; x_wconf 79' lang='lat' dir='ltr'>receptis</span> <span class='ocrx_word' id='word_1_204' title='bbox 802 783 869 804; x_wconf 82' lang='lat' dir='ltr'>annis</span> <span class='ocrx_word' id='word_1_205' title='bbox 881 783 981 811; x_wconf 80' lang='lat' dir='ltr'>singulis</span> <span class='ocrx_word' id='word_1_206' title='bbox 997 783 1105 812; x_wconf 87' lang='lat' dir='ltr'>predicto</span> <span class='ocrx_word' id='word_1_207' title='bbox 1116 783 1213 811; x_wconf 81' lang='lat' dir='ltr'>Abbati,</span> <span class='ocrx_word' id='word_1_208' title='bbox 1235 783 1261 805; x_wconf 90' lang='lat' dir='ltr'>in</span> 
     </span>
     <span class='ocr_line' id='line_1_21' title="bbox 191 810 1260 841; baseline 0.004 -10"><span class='ocrx_word' id='word_1_209' title='bbox 191 811 312 840; x_wconf 82' lang='lat' dir='ltr'>presencia</span> <span class='ocrx_word' id='word_1_210' title='bbox 323 810 458 839; x_wconf 85' lang='lat' dir='ltr'>aliquorum</span> <span class='ocrx_word' id='word_1_211' title='bbox 471 810 499 832; x_wconf 86' lang='lat' dir='ltr'>de</span> <span class='ocrx_word' id='word_1_212' title='bbox 511 810 643 839; x_wconf 86' lang='lat' dir='ltr'>Conventu,</span> <span class='ocrx_word' id='word_1_213' title='bbox 654 811 750 833; x_wconf 82' lang='lat' dir='ltr'>reddere</span> <span class='ocrx_word' id='word_1_214' title='bbox 767 813 883 840; x_wconf 84' lang='lat' dir='ltr'>teneatur,</span> <span class='ocrx_word' id='word_1_215' title='bbox 902 813 948 834; x_wconf 88' lang='lat' dir='ltr'>etsi</span> <span class='ocrx_word' id='word_1_216' title='bbox 964 812 1029 841; x_wconf 85' lang='lat' dir='ltr'>qnod</span> <span class='ocrx_word' id='word_1_217' title='bbox 1047 812 1171 835; x_wconf 81' lang='lat' dir='ltr'>residuum</span> <span class='ocrx_word' id='word_1_218' title='bbox 1185 813 1260 836; x_wconf 82' lang='lat' dir='ltr'>fuerit</span> 
     </span>
     <span class='ocr_line' id='line_1_22' title="bbox 101 840 1261 871; baseline 0.002 -8"><span class='ocrx_word' id='word_1_219' title='bbox 101 845 236 871; x_wconf 73' lang='lat' dir='ltr'>Depaceper</span> <span class='ocrx_word' id='word_1_220' title='bbox 252 840 426 863; x_wconf 80' lang='lat' dir='ltr'>ordinacionem</span> <span class='ocrx_word' id='word_1_221' title='bbox 444 840 520 868; x_wconf 87' lang='lat' dir='ltr'>ipsius</span> <span class='ocrx_word' id='word_1_222' title='bbox 532 840 634 862; x_wconf 83' lang='lat' dir='ltr'>Abbatis</span> <span class='ocrx_word' id='word_1_223' title='bbox 650 841 675 862; x_wconf 93' lang='lat' dir='ltr'>in</span> <span class='ocrx_word' id='word_1_224' title='bbox 691 841 765 863; x_wconf 85' lang='lat' dir='ltr'>alium</span> <span class='ocrx_word' id='word_1_225' title='bbox 776 848 848 863; x_wconf 85' lang='lat' dir='ltr'>usum</span> <span class='ocrx_word' id='word_1_226' title='bbox 859 842 1016 864; x_wconf 77' lang='lat' dir='ltr'>necessarium</span> <span class='ocrx_word' id='word_1_227' title='bbox 1027 844 1186 865; x_wconf 84' lang='lat' dir='ltr'>convertatur.</span> <span class='ocrx_word' id='word_1_228' title='bbox 1229 843 1261 865; x_wconf 83' lang='lat' dir='ltr'>Et</span> 
     </span>
     <span class='ocr_line' id='line_1_23' title="bbox 101 869 1260 900; baseline 0.003 -10"><span class='ocrx_word' id='word_1_229' title='bbox 101 871 161 891; x_wconf 81' lang='lat' dir='ltr'>inter</span> <span class='ocrx_word' id='word_1_230' title='bbox 191 872 220 893; x_wconf 90' lang='lat' dir='ltr'>ut</span> <span class='ocrx_word' id='word_1_231' title='bbox 231 870 331 892; x_wconf 84' lang='lat' dir='ltr'>unitatis</span> <span class='ocrx_word' id='word_1_232' title='bbox 343 871 367 892; x_wconf 89' lang='lat' dir='ltr'>et</span> <span class='ocrx_word' id='word_1_233' title='bbox 377 869 442 898; x_wconf 80' lang='lat' dir='ltr'>pacis</span> <span class='ocrx_word' id='word_1_234' title='bbox 454 869 575 891; x_wconf 73' lang='lat' dir='ltr'>vinculum</span> <span class='ocrx_word' id='word_1_235' title='bbox 586 876 634 891; x_wconf 88' lang='lat' dir='ltr'>non</span> <span class='ocrx_word' id='word_1_236' title='bbox 645 870 721 892; x_wconf 85' lang='lat' dir='ltr'>solum</span> <span class='ocrx_word' id='word_1_237' title='bbox 734 871 796 893; x_wconf 87' lang='lat' dir='ltr'>inter</span> <span class='ocrx_word' id='word_1_238' title='bbox 806 871 870 900; x_wconf 87' lang='lat' dir='ltr'>ipsos</span> <span class='ocrx_word' id='word_1_239' title='bbox 882 872 1014 900; x_wconf 78' lang='lat' dir='ltr'>Religiosos</span> <span class='ocrx_word' id='word_1_240' title='bbox 1026 872 1170 900; x_wconf 85' lang='lat' dir='ltr'>Confratres,</span> <span class='ocrx_word' id='word_1_241' title='bbox 1188 872 1224 894; x_wconf 88' lang='lat' dir='ltr'>set</span> <span class='ocrx_word' id='word_1_242' title='bbox 1235 873 1260 895; x_wconf 88' lang='lat' dir='ltr'>et</span> 
     </span>
     <span class='ocr_line' id='line_1_24' title="bbox 100 896 1259 930; baseline 0.002 -8"><span class='ocrx_word' id='word_1_243' title='bbox 100 896 253 924; x_wconf 64' lang='lat' dir='ltr'>Canon-inter</span> <span class='ocrx_word' id='word_1_244' title='bbox 273 906 312 922; x_wconf 88' lang='lat' dir='ltr'>eos</span> <span class='ocrx_word' id='word_1_245' title='bbox 330 901 354 922; x_wconf 88' lang='lat' dir='ltr'>et</span> <span class='ocrx_word' id='word_1_246' title='bbox 373 906 536 928; x_wconf 84' lang='lat' dir='ltr'>quoscumque</span> <span class='ocrx_word' id='word_1_247' title='bbox 554 899 683 922; x_wconf 74' lang='lat' dir='ltr'>familiares</span> <span class='ocrx_word' id='word_1_248' title='bbox 702 900 841 922; x_wconf 76' lang='lat' dir='ltr'>Monasterii</span> <span class='ocrx_word' id='word_1_249' title='bbox 862 901 977 923; x_wconf 79' lang='lat' dir='ltr'>antedicti</span> <span class='ocrx_word' id='word_1_250' title='bbox 993 901 1121 924; x_wconf 82' lang='lat' dir='ltr'>servientes</span> <span class='ocrx_word' id='word_1_251' title='bbox 1138 902 1217 930; x_wconf 79' lang='lat' dir='ltr'>vigeat</span> <span class='ocrx_word' id='word_1_252' title='bbox 1233 902 1259 924; x_wconf 88' lang='lat' dir='ltr'>in</span> 
     </span>
     <span class='ocr_line' id='line_1_25' title="bbox 99 926 1259 960; baseline 0.002 -8"><span class='ocrx_word' id='word_1_253' title='bbox 99 926 151 941; x_wconf 68' lang='lat'>¹²⁰³*</span> <span class='ocrx_word' id='word_1_254' title='bbox 189 930 309 957; x_wconf 82' lang='lat' dir='ltr'>futurum,</span> <span class='ocrx_word' id='word_1_255' title='bbox 327 928 438 951; x_wconf 90' lang='lat' dir='ltr'>volumus</span> <span class='ocrx_word' id='word_1_256' title='bbox 457 930 481 951; x_wconf 89' lang='lat' dir='ltr'>et</span> <span class='ocrx_word' id='word_1_257' title='bbox 496 928 610 957; x_wconf 77' lang='lat' dir='ltr'>jubemus</span> <span class='ocrx_word' id='word_1_258' title='bbox 624 929 690 958; x_wconf 86' lang='lat' dir='ltr'>quod</span> <span class='ocrx_word' id='word_1_259' title='bbox 708 930 835 952; x_wconf 79' lang='lat' dir='ltr'>familiares</span> <span class='ocrx_word' id='word_1_260' title='bbox 852 930 927 959; x_wconf 86' lang='lat' dir='ltr'>ipsius</span> <span class='ocrx_word' id='word_1_261' title='bbox 943 931 1054 959; x_wconf 86' lang='lat' dir='ltr'>Abbatis,</span> <span class='ocrx_word' id='word_1_262' title='bbox 1071 932 1122 954; x_wconf 85' lang='lat' dir='ltr'>tam</span> <span class='ocrx_word' id='word_1_263' title='bbox 1138 933 1259 960; x_wconf 79' lang='lat' dir='ltr'>presentes</span> 
     </span>
     <span class='ocr_line' id='line_1_26' title="bbox 190 958 1257 990; baseline 0.003 -9"><span class='ocrx_word' id='word_1_264' title='bbox 190 966 263 988; x_wconf 88' lang='lat' dir='ltr'>quam</span> <span class='ocrx_word' id='word_1_265' title='bbox 273 959 358 987; x_wconf 85' lang='lat' dir='ltr'>futuri,</span> <span class='ocrx_word' id='word_1_266' title='bbox 376 958 507 981; x_wconf 88' lang='lat' dir='ltr'>Canonicos</span> <span class='ocrx_word' id='word_1_267' title='bbox 523 960 547 980; x_wconf 80' lang='lat' dir='ltr'>et</span> <span class='ocrx_word' id='word_1_268' title='bbox 559 958 694 981; x_wconf 79' lang='lat' dir='ltr'>Consratres</span> <span class='ocrx_word' id='word_1_269' title='bbox 705 959 787 981; x_wconf 81' lang='lat' dir='ltr'>debita</span> <span class='ocrx_word' id='word_1_270' title='bbox 798 961 930 982; x_wconf 80' lang='lat' dir='ltr'>reverencia</span> <span class='ocrx_word' id='word_1_271' title='bbox 946 962 1115 989; x_wconf 80' lang='lat' dir='ltr'>supportantes</span> <span class='ocrx_word' id='word_1_272' title='bbox 1132 961 1191 990; x_wconf 89' lang='lat' dir='ltr'>ipsis</span> <span class='ocrx_word' id='word_1_273' title='bbox 1202 968 1257 984; x_wconf 89' lang='lat' dir='ltr'>cum</span> 
     </span>
     <span class='ocr_line' id='line_1_27' title="bbox 189 988 1258 1019; baseline 0.003 -9"><span class='ocrx_word' id='word_1_274' title='bbox 189 989 307 1011; x_wconf 80' lang='lat' dir='ltr'>modestia</span> <span class='ocrx_word' id='word_1_275' title='bbox 327 990 351 1011; x_wconf 89' lang='lat' dir='ltr'>et</span> <span class='ocrx_word' id='word_1_276' title='bbox 376 988 561 1010; x_wconf 72' lang='lat' dir='ltr'>mansuetudine</span> <span class='ocrx_word' id='word_1_277' title='bbox 586 988 744 1017; x_wconf 83' lang='lat' dir='ltr'>respondeant</span> <span class='ocrx_word' id='word_1_278' title='bbox 770 991 794 1011; x_wconf 86' lang='lat' dir='ltr'>et</span> <span class='ocrx_word' id='word_1_279' title='bbox 820 989 954 1018; x_wconf 78' lang='lat' dir='ltr'>loquantur.</span> <span class='ocrx_word' id='word_1_280' title='bbox 1000 991 1069 1019; x_wconf 82' lang='lat' dir='ltr'>Item,</span> <span class='ocrx_word' id='word_1_281' title='bbox 1097 990 1208 1013; x_wconf 84' lang='lat' dir='ltr'>volumus</span> <span class='ocrx_word' id='word_1_282' title='bbox 1233 992 1258 1014; x_wconf 86' lang='lat' dir='ltr'>et</span> 
     </span>
    </p>
   </div>
   <div class='ocr_carea' id='block_1_3' title="bbox 101 1006 1258 1054">
    <p class='ocr_par' dir='ltr' id='par_1_3' title="bbox 101 1006 1258 1054">
     <span class='ocr_line' id='line_1_28' title="bbox 101 1006 1258 1054; baseline 0.001 -13"><span class='ocrx_word' id='word_1_283' title='bbox 101 1006 163 1030; x_wconf 46' lang='lat' dir='ltr'>Qum}</span> <span class='ocrx_word' id='word_1_284' title='bbox 190 1019 326 1041; x_wconf 84' lang='lat' dir='ltr'>ordinamus</span> <span class='ocrx_word' id='word_1_285' title='bbox 341 1017 407 1047; x_wconf 86' lang='lat' dir='ltr'>quod</span> <span class='ocrx_word' id='word_1_286' title='bbox 421 1018 450 1039; x_wconf 85' lang='grc'>(10</span> <span class='ocrx_word' id='word_1_287' title='bbox 465 1019 542 1040; x_wconf 88' lang='lat' dir='ltr'>cetero</span> <span class='ocrx_word' id='word_1_288' title='bbox 558 1024 620 1040; x_wconf 89' lang='lat' dir='ltr'>unus</span> <span class='ocrx_word' id='word_1_289' title='bbox 632 1018 803 1041; x_wconf 87' lang='lat' dir='ltr'>Canonicorum</span> <span class='ocrx_word' id='word_1_290' title='bbox 816 1026 887 1048; x_wconf 83' lang='lat' dir='ltr'>quem</span> <span class='ocrx_word' id='word_1_291' title='bbox 899 1019 980 1042; x_wconf 86' lang='lat' dir='ltr'>Abbas</span> <span class='ocrx_word' id='word_1_292' title='bbox 991 1020 1088 1048; x_wconf 85' lang='lat' dir='ltr'>elegerit</span> <span class='ocrx_word' id='word_1_293' title='bbox 1103 1026 1146 1049; x_wconf 81' lang='lat' dir='ltr'>per</span> <span class='ocrx_word' id='word_1_294' title='bbox 1156 1020 1258 1054; x_wconf 78' lang='lat' dir='ltr'>eundem</span> 
     </span>
    </p>
   </div>
   <div class='ocr_carea' id='block_1_4' title="bbox 99 1033 1258 1079">
    <p class='ocr_par' dir='ltr' id='par_1_4' title="bbox 99 1033 1258 1079">
     <span class='ocr_line' id='line_1_29' title="bbox 99 1033 1258 1079; baseline 0.002 -9"><span class='ocrx_word' id='word_1_295' title='bbox 99 1033 214 1077; x_wconf 49' lang='lat' dir='ltr'>gggssfflm</span> <span class='ocrx_word' id='word_1_296' title='bbox 231 1048 369 1071; x_wconf 70' lang='lat' dir='ltr'>celerat-ium</span> <span class='ocrx_word' id='word_1_297' title='bbox 386 1047 531 1076; x_wconf 80' lang='lat' dir='ltr'>preficiatur,</span> <span class='ocrx_word' id='word_1_298' title='bbox 550 1047 591 1076; x_wconf 90' lang='lat' dir='ltr'>qui</span> <span class='ocrx_word' id='word_1_299' title='bbox 608 1048 733 1076; x_wconf 76' lang='lat' dir='ltr'>pecuniarii</span> <span class='ocrx_word' id='word_1_300' title='bbox 751 1048 884 1071; x_wconf 81' lang='lat' dir='ltr'>ordinatam</span> <span class='ocrx_word' id='word_1_301' title='bbox 902 1056 944 1078; x_wconf 90' lang='lat' dir='ltr'>per</span> <span class='ocrx_word' id='word_1_302' title='bbox 960 1049 1082 1072; x_wconf 82' lang='lat' dir='ltr'>Abbatem</span> <span class='ocrx_word' id='word_1_303' title='bbox 1097 1056 1141 1078; x_wconf 85' lang='lat' dir='ltr'>pro</span> <span class='ocrx_word' id='word_1_304' title='bbox 1156 1056 1258 1079; x_wconf 75' lang='lat' dir='ltr'>coquina</span> 
     </span>
    </p>
   </div>
   <div class='ocr_carea' id='block_1_5' title="bbox 87 1077 1257 2176">
    <p class='ocr_par' dir='ltr' id='par_1_5' title="bbox 97 1077 1257 1256">
     <span class='ocr_line' id='line_1_30' title="bbox 97 1077 1257 1109; baseline 0.002 -9"><span class='ocrx_word' id='word_1_305' title='bbox 97 1082 139 1102; x_wconf 78' lang='lat' dir='ltr'>ius.</span> <span class='ocrx_word' id='word_1_306' title='bbox 189 1078 315 1107; x_wconf 86' lang='lat' dir='ltr'>hospitum</span> <span class='ocrx_word' id='word_1_307' title='bbox 326 1079 350 1100; x_wconf 88' lang='lat' dir='ltr'>et</span> <span class='ocrx_word' id='word_1_308' title='bbox 360 1077 436 1106; x_wconf 88' lang='lat' dir='ltr'>ipsius</span> <span class='ocrx_word' id='word_1_309' title='bbox 447 1077 550 1099; x_wconf 85' lang='lat' dir='ltr'>Abbatis</span> <span class='ocrx_word' id='word_1_310' title='bbox 562 1077 669 1106; x_wconf 87' lang='lat' dir='ltr'>recipiat,</span> <span class='ocrx_word' id='word_1_311' title='bbox 687 1079 710 1100; x_wconf 88' lang='lat' dir='ltr'>et</span> <span class='ocrx_word' id='word_1_312' title='bbox 722 1078 750 1100; x_wconf 88' lang='lat' dir='ltr'>de</span> <span class='ocrx_word' id='word_1_313' title='bbox 762 1085 789 1100; x_wconf 85' lang='lat' dir='ltr'>ea</span> <span class='ocrx_word' id='word_1_314' title='bbox 799 1080 929 1101; x_wconf 85' lang='lat' dir='ltr'>necessaria</span> <span class='ocrx_word' id='word_1_315' title='bbox 940 1079 969 1101; x_wconf 86' lang='lat' dir='ltr'>ad</span> <span class='ocrx_word' id='word_1_316' title='bbox 981 1079 1120 1108; x_wconf 80' lang='lat' dir='ltr'>hujusmodi</span> <span class='ocrx_word' id='word_1_317' title='bbox 1130 1080 1257 1109; x_wconf 85' lang='lat' dir='ltr'>coquinam</span> 
     </span>
     <span class='ocr_line' id='line_1_31' title="bbox 97 1106 1256 1137; baseline 0.003 -9"><span class='ocrx_word' id='word_1_318' title='bbox 97 1107 128 1136; x_wconf 64' lang='lat' dir='ltr'>De</span> <span class='ocrx_word' id='word_1_319' title='bbox 138 1107 261 1130; x_wconf 83' lang='lat' dir='ltr'>offi—faciat</span> <span class='ocrx_word' id='word_1_320' title='bbox 276 1107 406 1137; x_wconf 87' lang='lat' dir='ltr'>providere.</span> <span class='ocrx_word' id='word_1_321' title='bbox 441 1106 544 1129; x_wconf 77' lang='lat' dir='ltr'>Blndum</span> <span class='ocrx_word' id='word_1_322' title='bbox 555 1107 653 1135; x_wconf 88' lang='lat' dir='ltr'>insuper</span> <span class='ocrx_word' id='word_1_323' title='bbox 663 1108 692 1129; x_wconf 91' lang='lat' dir='ltr'>de</span> <span class='ocrx_word' id='word_1_324' title='bbox 702 1108 840 1136; x_wconf 74' lang='lat' dir='ltr'>grangiariis</span> <span class='ocrx_word' id='word_1_325' title='bbox 851 1109 950 1137; x_wconf 81' lang='lat' dir='ltr'>recipiat</span> <span class='ocrx_word' id='word_1_326' title='bbox 966 1115 1008 1137; x_wconf 81' lang='lat' dir='ltr'>per</span> <span class='ocrx_word' id='word_1_327' title='bbox 1023 1109 1116 1131; x_wconf 86' lang='lat' dir='ltr'>talliam</span> <span class='ocrx_word' id='word_1_328' title='bbox 1126 1109 1164 1131; x_wconf 89' lang='lat' dir='ltr'>vel</span> <span class='ocrx_word' id='word_1_329' title='bbox 1175 1109 1256 1132; x_wconf 85' lang='lat' dir='ltr'>inden-</span> 
     </span>
     <span class='ocr_line' id='line_1_32' title="bbox 97 1133 1256 1167; baseline 0 -6"><span class='ocrx_word' id='word_1_330' title='bbox 97 1133 276 1166; x_wconf 53' lang='lat' dir='ltr'>⁰¹0921ffturam,</span> <span class='ocrx_word' id='word_1_331' title='bbox 287 1144 330 1166; x_wconf 82' lang='lat' dir='ltr'>pro</span> <span class='ocrx_word' id='word_1_332' title='bbox 341 1143 402 1166; x_wconf 84' lang='lat' dir='ltr'>pane</span> <span class='ocrx_word' id='word_1_333' title='bbox 414 1138 437 1158; x_wconf 86' lang='lat' dir='ltr'>et</span> <span class='ocrx_word' id='word_1_334' title='bbox 448 1136 547 1158; x_wconf 76' lang='lat' dir='ltr'>cervisia</span> <span class='ocrx_word' id='word_1_335' title='bbox 558 1137 582 1158; x_wconf 90' lang='grc'>111</span> <span class='ocrx_word' id='word_1_336' title='bbox 591 1137 614 1158; x_wconf 88' lang='lat' dir='ltr'>M</span> <span class='ocrx_word' id='word_1_337' title='bbox 619 1138 736 1160; x_wconf 83' lang='lat' dir='ltr'>onasterio</span> <span class='ocrx_word' id='word_1_338' title='bbox 747 1138 868 1165; x_wconf 81' lang='lat' dir='ltr'>faciendis,</span> <span class='ocrx_word' id='word_1_339' title='bbox 879 1140 903 1160; x_wconf 90' lang='lat' dir='ltr'>et</span> <span class='ocrx_word' id='word_1_340' title='bbox 913 1138 1021 1167; x_wconf 86' lang='lat' dir='ltr'>predicto</span> <span class='ocrx_word' id='word_1_341' title='bbox 1029 1138 1128 1167; x_wconf 78' lang='lat' dir='ltr'>Abbati,</span> <span class='ocrx_word' id='word_1_342' title='bbox 1137 1138 1174 1161; x_wconf 85' lang='lat' dir='ltr'>vel</span> <span class='ocrx_word' id='word_1_343' title='bbox 1185 1138 1256 1162; x_wconf 83' lang='lat' dir='ltr'>alteri</span> 
     </span>
     <span class='ocr_line' id='line_1_33' title="bbox 97 1163 1255 1196; baseline 0.002 -7"><span class='ocrx_word' id='word_1_344' title='bbox 97 1163 158 1178; x_wconf 65' lang='lat'>‘³¹²¹&#39;</span> <span class='ocrx_word' id='word_1_345' title='bbox 187 1174 230 1196; x_wconf 88' lang='lat' dir='ltr'>per</span> <span class='ocrx_word' id='word_1_346' title='bbox 240 1174 294 1189; x_wconf 92' lang='lat' dir='ltr'>eum</span> <span class='ocrx_word' id='word_1_347' title='bbox 306 1166 336 1189; x_wconf 85' lang='lat' dir='ltr'>ad</span> <span class='ocrx_word' id='word_1_348' title='bbox 346 1166 391 1189; x_wconf 82' lang='lat' dir='ltr'>hoc</span> <span class='ocrx_word' id='word_1_349' title='bbox 402 1166 525 1195; x_wconf 85' lang='lat' dir='ltr'>deputato,</span> <span class='ocrx_word' id='word_1_350' title='bbox 545 1166 573 1188; x_wconf 85' lang='lat' dir='ltr'>de</span> <span class='ocrx_word' id='word_1_351' title='bbox 584 1166 724 1195; x_wconf 83' lang='lat' dir='ltr'>hujusmodi</span> <span class='ocrx_word' id='word_1_352' title='bbox 740 1168 840 1196; x_wconf 78' lang='lat' dir='ltr'>receptis</span> <span class='ocrx_word' id='word_1_353' title='bbox 851 1174 893 1196; x_wconf 87' lang='lat' dir='ltr'>per</span> <span class='ocrx_word' id='word_1_354' title='bbox 904 1168 1006 1190; x_wconf 85' lang='lat' dir='ltr'>eundem</span> <span class='ocrx_word' id='word_1_355' title='bbox 1017 1168 1157 1191; x_wconf 83' lang='lat' dir='ltr'>celerarium</span> <span class='ocrx_word' id='word_1_356' title='bbox 1167 1175 1194 1191; x_wconf 85' lang='lat' dir='ltr'>ac</span> <span class='ocrx_word' id='word_1_357' title='bbox 1205 1169 1255 1191; x_wconf 90' lang='lat' dir='ltr'>suis</span> 
     </span>
     <span class='ocr_line' id='line_1_34' title="bbox 187 1196 1254 1226; baseline 0.002 -7"><span class='ocrx_word' id='word_1_358' title='bbox 187 1197 297 1226; x_wconf 85' lang='lat' dir='ltr'>expensis</span> <span class='ocrx_word' id='word_1_359' title='bbox 315 1196 399 1219; x_wconf 86' lang='lat' dir='ltr'>reddat</span> <span class='ocrx_word' id='word_1_360' title='bbox 417 1196 551 1223; x_wconf 86' lang='lat' dir='ltr'>raciocinia,</span> <span class='ocrx_word' id='word_1_361' title='bbox 569 1203 624 1218; x_wconf 87' lang='lat' dir='ltr'>cum</span> <span class='ocrx_word' id='word_1_362' title='bbox 641 1203 683 1225; x_wconf 87' lang='lat' dir='ltr'>per</span> <span class='ocrx_word' id='word_1_363' title='bbox 702 1197 820 1219; x_wconf 83' lang='lat' dir='ltr'>Abbatem</span> <span class='ocrx_word' id='word_1_364' title='bbox 838 1204 910 1226; x_wconf 87' lang='lat' dir='ltr'>super</span> <span class='ocrx_word' id='word_1_365' title='bbox 928 1198 972 1220; x_wconf 81' lang='lat' dir='ltr'>hoe</span> <span class='ocrx_word' id='word_1_366' title='bbox 988 1198 1062 1220; x_wconf 80' lang='lat' dir='ltr'>fucrit</span> <span class='ocrx_word' id='word_1_367' title='bbox 1082 1198 1154 1220; x_wconf 87' lang='lat' dir='ltr'>modo</span> <span class='ocrx_word' id='word_1_368' title='bbox 1170 1198 1254 1221; x_wconf 81' lang='lat' dir='ltr'>debito</span> 
     </span>
     <span class='ocr_line' id='line_1_35' title="bbox 186 1225 1256 1256; baseline 0.001 -7"><span class='ocrx_word' id='word_1_369' title='bbox 186 1227 332 1256; x_wconf 88' lang='lat' dir='ltr'>requisitus;</span> <span class='ocrx_word' id='word_1_370' title='bbox 354 1226 385 1248; x_wconf 89' lang='lat' dir='ltr'>ad</span> <span class='ocrx_word' id='word_1_371' title='bbox 401 1225 470 1254; x_wconf 87' lang='lat' dir='ltr'>cujus</span> <span class='ocrx_word' id='word_1_372' title='bbox 487 1232 567 1247; x_wconf 87' lang='lat' dir='ltr'>curam</span> <span class='ocrx_word' id='word_1_373' title='bbox 585 1227 609 1248; x_wconf 85' lang='lat' dir='ltr'>et</span> <span class='ocrx_word' id='word_1_374' title='bbox 627 1226 802 1249; x_wconf 84' lang='lat' dir='ltr'>solicitudinem</span> <span class='ocrx_word' id='word_1_375' title='bbox 818 1227 948 1256; x_wconf 84' lang='lat' dir='ltr'>pertinebit</span> <span class='ocrx_word' id='word_1_376' title='bbox 965 1227 1032 1256; x_wconf 89' lang='lat' dir='ltr'>quod</span> <span class='ocrx_word' id='word_1_377' title='bbox 1049 1228 1142 1250; x_wconf 89' lang='lat' dir='ltr'>Domus</span> <span class='ocrx_word' id='word_1_378' title='bbox 1157 1227 1256 1251; x_wconf 87' lang='lat' dir='ltr'>interior</span> 
     </span>
    </p>

    <p class='ocr_par' dir='ltr' id='par_1_6' title="bbox 186 1255 1253 1286">
     <span class='ocr_line' id='line_1_36' title="bbox 186 1255 1253 1286; baseline 0.003 -9"><span class='ocrx_word' id='word_1_379' title='bbox 186 1257 211 1278; x_wconf 88' lang='lat' dir='ltr'>in</span> <span class='ocrx_word' id='word_1_380' title='bbox 237 1256 358 1285; x_wconf 83' lang='lat' dir='ltr'>premissis</span> <span class='ocrx_word' id='word_1_381' title='bbox 389 1255 448 1277; x_wconf 87' lang='lat' dir='ltr'>bene</span> <span class='ocrx_word' id='word_1_382' title='bbox 476 1256 578 1284; x_wconf 76' lang='lat' dir='ltr'>regatur,</span> <span class='ocrx_word' id='word_1_383' title='bbox 613 1257 637 1278; x_wconf 90' lang='lat' dir='ltr'>et</span> <span class='ocrx_word' id='word_1_384' title='bbox 670 1263 697 1278; x_wconf 81' lang='lat' dir='ltr'>ea</span> <span class='ocrx_word' id='word_1_385' title='bbox 727 1263 773 1285; x_wconf 89' lang='lat' dir='ltr'>quc</span> <span class='ocrx_word' id='word_1_386' title='bbox 806 1258 922 1285; x_wconf 88' lang='lat' dir='ltr'>parantur</span> <span class='ocrx_word' id='word_1_387' title='bbox 955 1258 985 1279; x_wconf 84' lang='lat' dir='ltr'>ad</span> <span class='ocrx_word' id='word_1_388' title='bbox 1015 1264 1087 1280; x_wconf 86' lang='grc'><strong>11511111</strong></span> <span class='ocrx_word' id='word_1_389' title='bbox 1118 1257 1253 1286; x_wconf 87' lang='lat' dir='ltr'>predictum</span> 
     </span>
    </p>

    <p class='ocr_par' dir='ltr' id='par_1_7' title="bbox 186 1285 1253 1346">
     <span class='ocr_line' id='line_1_37' title="bbox 186 1285 1251 1316; baseline 0.002 -8"><span class='ocrx_word' id='word_1_390' title='bbox 186 1286 245 1308; x_wconf 88' lang='lat' dir='ltr'>bene</span> <span class='ocrx_word' id='word_1_391' title='bbox 272 1287 296 1308; x_wconf 89' lang='lat' dir='ltr'>et</span> <span class='ocrx_word' id='word_1_392' title='bbox 320 1285 422 1307; x_wconf 88' lang='lat' dir='ltr'>fideliter</span> <span class='ocrx_word' id='word_1_393' title='bbox 447 1285 619 1313; x_wconf 78' lang='lat' dir='ltr'>expendantur,</span> <span class='ocrx_word' id='word_1_394' title='bbox 647 1285 681 1308; x_wconf 90' lang='lat' dir='ltr'>ita</span> <span class='ocrx_word' id='word_1_395' title='bbox 707 1286 771 1315; x_wconf 85' lang='lat' dir='ltr'>quod</span> <span class='ocrx_word' id='word_1_396' title='bbox 797 1286 948 1315; x_wconf 81' lang='lat' dir='ltr'>hospitalitas</span> <span class='ocrx_word' id='word_1_397' title='bbox 973 1293 1021 1309; x_wconf 87' lang='lat' dir='ltr'>non</span> <span class='ocrx_word' id='word_1_398' title='bbox 1046 1287 1188 1316; x_wconf 78' lang='lat' dir='ltr'>fraudetur3</span> <span class='ocrx_word' id='word_1_399' title='bbox 1219 1288 1251 1316; x_wconf 89' lang='lat' dir='ltr'>et,</span> 
     </span>
     <span class='ocr_line' id='line_1_38' title="bbox 186 1314 1253 1346; baseline 0.002 -8"><span class='ocrx_word' id='word_1_400' title='bbox 186 1317 303 1344; x_wconf 78' lang='lat' dir='ltr'>quantum</span> <span class='ocrx_word' id='word_1_401' title='bbox 315 1315 345 1337; x_wconf 82' lang='lat' dir='ltr'>ad</span> <span class='ocrx_word' id='word_1_402' title='bbox 355 1314 494 1343; x_wconf 85' lang='lat' dir='ltr'>hujusmodi</span> <span class='ocrx_word' id='word_1_403' title='bbox 502 1314 594 1337; x_wconf 91' lang='lat' dir='ltr'>Domus</span> <span class='ocrx_word' id='word_1_404' title='bbox 605 1315 716 1343; x_wconf 83' lang='lat' dir='ltr'>regimen,</span> <span class='ocrx_word' id='word_1_405' title='bbox 730 1316 761 1337; x_wconf 89' lang='lat' dir='ltr'>sit</span> <span class='ocrx_word' id='word_1_406' title='bbox 772 1316 848 1344; x_wconf 79' lang='lat' dir='ltr'>major</span> <span class='ocrx_word' id='word_1_407' title='bbox 859 1316 970 1339; x_wconf 89' lang='lat' dir='ltr'>omnibus</span> <span class='ocrx_word' id='word_1_408' title='bbox 976 1318 1032 1346; x_wconf 88' lang='lat' dir='ltr'>post</span> <span class='ocrx_word' id='word_1_409' title='bbox 1040 1316 1169 1345; x_wconf 80' lang='lat' dir='ltr'>Abbatem;</span> <span class='ocrx_word' id='word_1_410' title='bbox 1181 1323 1253 1346; x_wconf 89' lang='lat' dir='ltr'>quem</span> 
     </span>
    </p>

    <p class='ocr_par' dir='ltr' id='par_1_8' title="bbox 184 1344 1251 1376">
     <span class='ocr_line' id='line_1_39' title="bbox 184 1344 1251 1376; baseline 0.002 -9"><span class='ocrx_word' id='word_1_411' title='bbox 184 1345 255 1368; x_wconf 88' lang='lat' dir='ltr'>liceat</span> <span class='ocrx_word' id='word_1_412' title='bbox 265 1345 357 1367; x_wconf 79' lang='lat' dir='ltr'>Abbati</span> <span class='ocrx_word' id='word_1_413' title='bbox 371 1351 385 1367; x_wconf 88' lang='lat' dir='ltr'>a</span> <span class='ocrx_word' id='word_1_414' title='bbox 400 1344 464 1366; x_wconf 85' lang='lat' dir='ltr'>dicto</span> <span class='ocrx_word' id='word_1_415' title='bbox 481 1344 557 1366; x_wconf 84' lang='lat' dir='ltr'>officio</span> <span class='ocrx_word' id='word_1_416' title='bbox 572 1351 680 1367; x_wconf 81' lang='lat' dir='ltr'>amovere</span> <span class='ocrx_word' id='word_1_417' title='bbox 696 1347 720 1367; x_wconf 89' lang='lat' dir='ltr'>et</span> <span class='ocrx_word' id='word_1_418' title='bbox 736 1346 812 1374; x_wconf 79' lang='lat' dir='ltr'>ipsius</span> <span class='ocrx_word' id='word_1_419' title='bbox 828 1345 880 1368; x_wconf 87' lang='lat' dir='ltr'>loco</span> <span class='ocrx_word' id='word_1_420' title='bbox 896 1346 971 1368; x_wconf 87' lang='lat' dir='ltr'>alium</span> <span class='ocrx_word' id='word_1_421' title='bbox 987 1346 1123 1375; x_wconf 83' lang='lat' dir='ltr'>subrogare,</span> <span class='ocrx_word' id='word_1_422' title='bbox 1138 1347 1251 1376; x_wconf 85' lang='lat' dir='ltr'>quociens</span> 
     </span>
    </p>

    <p class='ocr_par' dir='ltr' id='par_1_9' title="bbox 89 1374 1252 1968">
     <span class='ocr_line' id='line_1_40' title="bbox 94 1374 1252 1410; baseline 0.002 -13"><span class='ocrx_word' id='word_1_423' title='bbox 94 1391 113 1410; x_wconf 80' lang='lat' dir='ltr'>D</span> <span class='ocrx_word' id='word_1_424' title='bbox 184 1375 231 1397; x_wconf 88' lang='lat' dir='ltr'>sibi</span> <span class='ocrx_word' id='word_1_425' title='bbox 248 1376 271 1397; x_wconf 88' lang='lat' dir='ltr'>et</span> <span class='ocrx_word' id='word_1_426' title='bbox 283 1374 428 1397; x_wconf 86' lang='lat' dir='ltr'>Monasterio</span> <span class='ocrx_word' id='word_1_427' title='bbox 443 1374 552 1402; x_wconf 86' lang='lat' dir='ltr'>predicto</span> <span class='ocrx_word' id='word_1_428' title='bbox 564 1374 652 1396; x_wconf 83' lang='lat' dir='ltr'>viderit</span> <span class='ocrx_word' id='word_1_429' title='bbox 667 1375 784 1403; x_wconf 81' lang='lat' dir='ltr'>expedire.</span> <span class='ocrx_word' id='word_1_430' title='bbox 818 1375 889 1404; x_wconf 86' lang='lat' dir='ltr'>Item,</span> <span class='ocrx_word' id='word_1_431' title='bbox 907 1376 1018 1404; x_wconf 87' lang='lat' dir='ltr'>quociens</span> <span class='ocrx_word' id='word_1_432' title='bbox 1034 1376 1133 1405; x_wconf 83' lang='lat' dir='ltr'>aliquod</span> <span class='ocrx_word' id='word_1_433' title='bbox 1149 1376 1252 1399; x_wconf 76' lang='lat' dir='ltr'>arduum</span> 
     </span>
     <span class='ocr_line' id='line_1_41' title="bbox 109 1397 1252 1437; baseline 0.003 -11"><span class='ocrx_word' id='word_1_434' title='bbox 109 1397 171 1437; x_wconf 55' lang='grc' dir='ltr'>ξρῇξ</span> <span class='ocrx_word' id='word_1_435' title='bbox 184 1405 309 1434; x_wconf 79' lang='lat' dir='ltr'>negocium</span> <span class='ocrx_word' id='word_1_436' title='bbox 320 1404 458 1432; x_wconf 73' lang='lat' dir='ltr'>contingens</span> <span class='ocrx_word' id='word_1_437' title='bbox 469 1403 549 1432; x_wconf 86' lang='lat' dir='ltr'>ipsum</span> <span class='ocrx_word' id='word_1_438' title='bbox 560 1404 732 1426; x_wconf 81' lang='lat' dir='ltr'>Monasterium</span> <span class='ocrx_word' id='word_1_439' title='bbox 744 1404 817 1427; x_wconf 82' lang='lat' dir='ltr'>fuerit</span> <span class='ocrx_word' id='word_1_440' title='bbox 828 1405 975 1434; x_wconf 83' lang='lat' dir='ltr'>agitandum,</span> <span class='ocrx_word' id='word_1_441' title='bbox 988 1412 1060 1432; x_wconf 76' lang='lat' dir='ltr'>super</span> <span class='ocrx_word' id='word_1_442' title='bbox 1069 1406 1122 1434; x_wconf 90' lang='lat' dir='ltr'>hoc,</span> <span class='ocrx_word' id='word_1_443' title='bbox 1140 1407 1169 1428; x_wconf 90' lang='lat' dir='ltr'>ut</span> <span class='ocrx_word' id='word_1_444' title='bbox 1179 1406 1252 1429; x_wconf 81' lang='lat' dir='ltr'>moris</span> 
     </span>
     <span class='ocr_line' id='line_1_42' title="bbox 92 1423 1251 1464; baseline 0.002 -8"><span class='ocrx_word' id='word_1_445' title='bbox 92 1423 152 1462; x_wconf 49' lang='lat' dir='ltr'>{nter</span> <span class='ocrx_word' id='word_1_446' title='bbox 185 1435 228 1462; x_wconf 90' lang='lat' dir='ltr'>est,</span> <span class='ocrx_word' id='word_1_447' title='bbox 241 1434 374 1457; x_wconf 86' lang='lat' dir='ltr'>communis</span> <span class='ocrx_word' id='word_1_448' title='bbox 386 1435 410 1455; x_wconf 91' lang='lat' dir='ltr'>et</span> <span class='ocrx_word' id='word_1_449' title='bbox 420 1433 550 1461; x_wconf 84' lang='lat' dir='ltr'>solempnis</span> <span class='ocrx_word' id='word_1_450' title='bbox 560 1433 585 1455; x_wconf 92' lang='lat' dir='ltr'>in</span> <span class='ocrx_word' id='word_1_451' title='bbox 597 1433 709 1462; x_wconf 86' lang='lat' dir='ltr'>Capitulo</span> <span class='ocrx_word' id='word_1_452' title='bbox 720 1434 837 1457; x_wconf 88' lang='lat' dir='ltr'>habeatur</span> <span class='ocrx_word' id='word_1_453' title='bbox 847 1436 964 1457; x_wconf 81' lang='lat' dir='ltr'>tractatus</span> <span class='ocrx_word' id='word_1_454' title='bbox 975 1443 980 1463; x_wconf 85' lang='lat'>;</span> <span class='ocrx_word' id='word_1_455' title='bbox 997 1435 1028 1458; x_wconf 88' lang='lat' dir='ltr'>ad</span> <span class='ocrx_word' id='word_1_456' title='bbox 1039 1442 1108 1464; x_wconf 88' lang='lat' dir='ltr'>quem</span> <span class='ocrx_word' id='word_1_457' title='bbox 1120 1436 1251 1458; x_wconf 75' lang='lat' dir='ltr'>tractatum</span> 
     </span>
     <span class='ocr_line' id='line_1_43' title="bbox 93 1463 1250 1494; baseline 0.001 -7"><span class='ocrx_word' id='word_1_458' title='bbox 93 1464 321 1487; x_wconf 78' lang='lat' dir='ltr'>Canon-faciendum</span> <span class='ocrx_word' id='word_1_459' title='bbox 332 1463 421 1490; x_wconf 84' lang='lat' dir='ltr'>AbbaS,</span> <span class='ocrx_word' id='word_1_460' title='bbox 438 1469 480 1491; x_wconf 73' lang='lat' dir='ltr'>per</span> <span class='ocrx_word' id='word_1_461' title='bbox 491 1463 641 1485; x_wconf 77' lang='lat' dir='ltr'>Conventum</span> <span class='ocrx_word' id='word_1_462' title='bbox 652 1464 787 1492; x_wconf 84' lang='lat' dir='ltr'>nunciatus,</span> <span class='ocrx_word' id='word_1_463' title='bbox 806 1464 895 1493; x_wconf 81' lang='lat' dir='ltr'>absque</span> <span class='ocrx_word' id='word_1_464' title='bbox 905 1464 1046 1487; x_wconf 87' lang='lat' dir='ltr'>difficultate</span> <span class='ocrx_word' id='word_1_465' title='bbox 1058 1465 1166 1494; x_wconf 80' lang='lat' dir='ltr'>qualibet</span> <span class='ocrx_word' id='word_1_466' title='bbox 1175 1465 1250 1488; x_wconf 88' lang='lat' dir='ltr'>liben-</span> 
     </span>
     <span class='ocr_line' id='line_1_44' title="bbox 93 1492 1250 1523; baseline 0.002 -8"><span class='ocrx_word' id='word_1_467' title='bbox 93 1492 145 1512; x_wconf 83' lang='lat' dir='ltr'>icos.</span> <span class='ocrx_word' id='word_1_468' title='bbox 183 1495 221 1516; x_wconf 91' lang='lat' dir='ltr'>ter</span> <span class='ocrx_word' id='word_1_469' title='bbox 231 1493 335 1522; x_wconf 82' lang='lat' dir='ltr'>accedat,</span> <span class='ocrx_word' id='word_1_470' title='bbox 348 1493 394 1515; x_wconf 89' lang='lat' dir='ltr'>nisi</span> <span class='ocrx_word' id='word_1_471' title='bbox 405 1492 478 1515; x_wconf 77' lang='lat' dir='ltr'>fueiit</span> <span class='ocrx_word' id='word_1_472' title='bbox 489 1493 665 1515; x_wconf 82' lang='lat' dir='ltr'>racionabiliter</span> <span class='ocrx_word' id='word_1_473' title='bbox 676 1493 813 1522; x_wconf 86' lang='lat' dir='ltr'>impeditus.</span> <span class='ocrx_word' id='word_1_474' title='bbox 848 1495 917 1522; x_wconf 91' lang='lat' dir='ltr'>Item,</span> <span class='ocrx_word' id='word_1_475' title='bbox 930 1496 959 1517; x_wconf 89' lang='lat' dir='ltr'>ut</span> <span class='ocrx_word' id='word_1_476' title='bbox 975 1496 1053 1517; x_wconf 87' lang='lat' dir='ltr'>status</span> <span class='ocrx_word' id='word_1_477' title='bbox 1065 1495 1211 1523; x_wconf 81' lang='lat' dir='ltr'>Monasterii,</span> <span class='ocrx_word' id='word_1_478' title='bbox 1224 1495 1250 1517; x_wconf 91' lang='lat' dir='ltr'>in</span> 
     </span>
     <span class='ocr_line' id='line_1_45' title="bbox 96 1517 1250 1553; baseline 0.002 -8"><span class='ocrx_word' id='word_1_479' title='bbox 96 1517 161 1539; x_wconf 58' lang='lat'>0³05</span> <span class='ocrx_word' id='word_1_480' title='bbox 183 1523 348 1551; x_wconf 83' lang='lat' dir='ltr'>exterioribus,</span> <span class='ocrx_word' id='word_1_481' title='bbox 361 1522 410 1544; x_wconf 92' lang='lat' dir='ltr'>illis</span> <span class='ocrx_word' id='word_1_482' title='bbox 427 1522 456 1544; x_wconf 84' lang='lat' dir='ltr'>dc</span> <span class='ocrx_word' id='word_1_483' title='bbox 469 1522 592 1545; x_wconf 90' lang='lat' dir='ltr'>Conventu</span> <span class='ocrx_word' id='word_1_484' title='bbox 609 1523 704 1551; x_wconf 89' lang='lat' dir='ltr'>plenius</span> <span class='ocrx_word' id='word_1_485' title='bbox 722 1523 862 1552; x_wconf 85' lang='lat' dir='ltr'>innotescat,</span> <span class='ocrx_word' id='word_1_486' title='bbox 881 1524 970 1553; x_wconf 88' lang='lat' dir='ltr'>quibus</span> <span class='ocrx_word' id='word_1_487' title='bbox 980 1525 1042 1547; x_wconf 87' lang='lat' dir='ltr'>vires</span> <span class='ocrx_word' id='word_1_488' title='bbox 1057 1524 1196 1553; x_wconf 83' lang='lat' dir='ltr'>patrimonii</span> <span class='ocrx_word' id='word_1_489' title='bbox 1211 1525 1250 1548; x_wconf 90' lang='lat' dir='ltr'>sui</span> 
     </span>
     <span class='ocr_line' id='line_1_46' title="bbox 93 1542 1248 1588; baseline 0.002 -13"><span class='ocrx_word' id='word_1_490' title='bbox 93 1542 138 1588; x_wconf 54' lang='grc' dir='ltr'>(ἔξω</span> <span class='ocrx_word' id='word_1_491' title='bbox 182 1553 290 1582; x_wconf 86' lang='lat' dir='ltr'>ignorare</span> <span class='ocrx_word' id='word_1_492' title='bbox 306 1559 355 1575; x_wconf 87' lang='lat' dir='ltr'>non</span> <span class='ocrx_word' id='word_1_493' title='bbox 371 1551 476 1581; x_wconf 77' lang='lat' dir='ltr'>expedit,</span> <span class='ocrx_word' id='word_1_494' title='bbox 494 1553 576 1574; x_wconf 83' lang='lat' dir='ltr'>tenore</span> <span class='ocrx_word' id='word_1_495' title='bbox 588 1552 739 1575; x_wconf 84' lang='lat' dir='ltr'>Presencium</span> <span class='ocrx_word' id='word_1_496' title='bbox 751 1553 888 1576; x_wconf 77' lang='lat' dir='ltr'>ordinamus</span> <span class='ocrx_word' id='word_1_497' title='bbox 899 1555 928 1576; x_wconf 90' lang='lat' dir='ltr'>ut</span> <span class='ocrx_word' id='word_1_498' title='bbox 939 1554 987 1576; x_wconf 90' lang='lat' dir='ltr'>duo</span> <span class='ocrx_word' id='word_1_499' title='bbox 998 1554 1119 1582; x_wconf 80' lang='lat' dir='ltr'>Canonici,</span> <span class='ocrx_word' id='word_1_500' title='bbox 1136 1561 1179 1583; x_wconf 86' lang='lat' dir='ltr'>per</span> <span class='ocrx_word' id='word_1_501' title='bbox 1189 1554 1248 1577; x_wconf 86' lang='lat' dir='ltr'>Con·</span> 
     </span>
     <span class='ocr_line' id='line_1_47' title="bbox 91 1574 1250 1614; baseline 0.002 -9"><span class='ocrx_word' id='word_1_502' title='bbox 91 1574 127 1613; x_wconf 59' lang='grc' dir='ltr'>1οῗ</span> <span class='ocrx_word' id='word_1_503' title='bbox 128 1574 281 1614; x_wconf 51' lang='lat' dir='ltr'>{fflss‘ventum</span> <span class='ocrx_word' id='word_1_504' title='bbox 291 1582 329 1604; x_wconf 85' lang='lat' dir='ltr'>vel</span> <span class='ocrx_word' id='word_1_505' title='bbox 345 1582 459 1610; x_wconf 84' lang='lat' dir='ltr'>majorem</span> <span class='ocrx_word' id='word_1_506' title='bbox 471 1583 563 1611; x_wconf 80' lang='lat' dir='ltr'>partem</span> <span class='ocrx_word' id='word_1_507' title='bbox 575 1583 724 1611; x_wconf 86' lang='lat' dir='ltr'>presencium</span> <span class='ocrx_word' id='word_1_508' title='bbox 735 1583 843 1611; x_wconf 79' lang='lat' dir='ltr'>eligendi,</span> <span class='ocrx_word' id='word_1_509' title='bbox 863 1583 930 1606; x_wconf 85' lang='lat' dir='ltr'>annis</span> <span class='ocrx_word' id='word_1_510' title='bbox 941 1583 1040 1612; x_wconf 82' lang='lat' dir='ltr'>singulis</span> <span class='ocrx_word' id='word_1_511' title='bbox 1051 1583 1205 1613; x_wconf 79' lang='lat' dir='ltr'>deputentur,</span> <span class='ocrx_word' id='word_1_512' title='bbox 1223 1584 1250 1607; x_wconf 88' lang='lat' dir='ltr'>in</span> 
     </span>
     <span class='ocr_line' id='line_1_48' title="bbox 91 1611 1250 1643; baseline 0.003 -10"><span class='ocrx_word' id='word_1_513' title='bbox 91 1619 158 1643; x_wconf 68' lang='lat' dir='ltr'>assig.</span> <span class='ocrx_word' id='word_1_514' title='bbox 180 1619 282 1641; x_wconf 89' lang='lat' dir='ltr'>quorum</span> <span class='ocrx_word' id='word_1_515' title='bbox 293 1612 414 1641; x_wconf 78' lang='lat' dir='ltr'>presencia</span> <span class='ocrx_word' id='word_1_516' title='bbox 424 1611 571 1641; x_wconf 74' lang='lat' dir='ltr'>[compotus]</span> <span class='ocrx_word' id='word_1_517' title='bbox 583 1612 690 1634; x_wconf 87' lang='lat' dir='ltr'>omnium</span> <span class='ocrx_word' id='word_1_518' title='bbox 700 1612 852 1641; x_wconf 77' lang='lat' dir='ltr'>ballivorum,</span> <span class='ocrx_word' id='word_1_519' title='bbox 865 1615 1022 1642; x_wconf 86' lang='lat' dir='ltr'>receptorum,</span> <span class='ocrx_word' id='word_1_520' title='bbox 1040 1615 1064 1636; x_wconf 82' lang='lat' dir='ltr'>et</span> <span class='ocrx_word' id='word_1_521' title='bbox 1074 1614 1250 1643; x_wconf 86' lang='lat' dir='ltr'>prepositorum</span> 
     </span>
     <span class='ocr_line' id='line_1_49' title="bbox 93 1641 1249 1672; baseline 0.002 -8"><span class='ocrx_word' id='word_1_522' title='bbox 93 1644 143 1664; x_wconf 78' lang='lat' dir='ltr'>nati</span> <span class='ocrx_word' id='word_1_523' title='bbox 154 1642 324 1664; x_wconf 80' lang='lat' dir='ltr'>adMonasterii</span> <span class='ocrx_word' id='word_1_524' title='bbox 332 1641 486 1664; x_wconf 83' lang='lat' dir='ltr'>existencium</span> <span class='ocrx_word' id='word_1_525' title='bbox 497 1641 543 1663; x_wconf 87' lang='lat' dir='ltr'>sub</span> <span class='ocrx_word' id='word_1_526' title='bbox 552 1641 654 1670; x_wconf 86' lang='lat' dir='ltr'>Abbate,</span> <span class='ocrx_word' id='word_1_527' title='bbox 664 1648 706 1670; x_wconf 79' lang='lat' dir='ltr'>per</span> <span class='ocrx_word' id='word_1_528' title='bbox 713 1649 772 1671; x_wconf 91' lang='lat' dir='ltr'>quos</span> <span class='ocrx_word' id='word_1_529' title='bbox 781 1642 844 1665; x_wconf 85' lang='lat' dir='ltr'>bona</span> <span class='ocrx_word' id='word_1_530' title='bbox 850 1643 926 1672; x_wconf 85' lang='lat' dir='ltr'>ipsius</span> <span class='ocrx_word' id='word_1_531' title='bbox 936 1643 1074 1665; x_wconf 85' lang='lat' dir='ltr'>Monasterii</span> <span class='ocrx_word' id='word_1_532' title='bbox 1083 1643 1249 1666; x_wconf 72' lang='lat' dir='ltr'>admmistmn-</span> 
     </span>
     <span class='ocr_line' id='line_1_50' title="bbox 93 1669 1249 1701; baseline 0.002 -8"><span class='ocrx_word' id='word_1_533' title='bbox 93 1669 139 1698; x_wconf 61' lang='lat' dir='ltr'>find</span> <span class='ocrx_word' id='word_1_534' title='bbox 182 1672 230 1700; x_wconf 81' lang='lat' dir='ltr'>tur,</span> <span class='ocrx_word' id='word_1_535' title='bbox 240 1671 354 1694; x_wconf 82' lang='lat' dir='ltr'>reddatur</span> <span class='ocrx_word' id='word_1_536' title='bbox 361 1678 439 1693; x_wconf 82' lang='lat' dir='ltr'>coram</span> <span class='ocrx_word' id='word_1_537' title='bbox 451 1671 601 1694; x_wconf 83' lang='lat' dir='ltr'>auditoribus</span> <span class='ocrx_word' id='word_1_538' title='bbox 612 1671 711 1699; x_wconf 81' lang='lat' dir='ltr'>ydoneis</span> <span class='ocrx_word' id='word_1_539' title='bbox 722 1678 765 1701; x_wconf 87' lang='lat' dir='ltr'>per</span> <span class='ocrx_word' id='word_1_540' title='bbox 775 1672 895 1695; x_wconf 86' lang='lat' dir='ltr'>Abbatem</span> <span class='ocrx_word' id='word_1_541' title='bbox 907 1673 1040 1701; x_wconf 78' lang='lat' dir='ltr'>assignatis,</span> <span class='ocrx_word' id='word_1_542' title='bbox 1053 1673 1077 1695; x_wconf 85' lang='lat' dir='ltr'>et</span> <span class='ocrx_word' id='word_1_543' title='bbox 1087 1673 1118 1695; x_wconf 85' lang='lat' dir='ltr'>ab</span> <span class='ocrx_word' id='word_1_544' title='bbox 1128 1672 1176 1695; x_wconf 89' lang='lat' dir='ltr'>illis</span> <span class='ocrx_word' id='word_1_545' title='bbox 1187 1673 1249 1696; x_wconf 81' lang='lat' dir='ltr'>infra</span> 
     </span>
     <span class='ocr_line' id='line_1_51' title="bbox 91 1694 1248 1732; baseline 0.002 -9"><span class='ocrx_word' id='word_1_546' title='bbox 91 1694 251 1730; x_wconf 70' lang='lat' dir='ltr'>¹⁹¹³d&#39;1fflsepta</span> <span class='ocrx_word' id='word_1_547' title='bbox 270 1701 329 1723; x_wconf 90' lang='lat' dir='ltr'>dicti</span> <span class='ocrx_word' id='word_1_548' title='bbox 348 1701 487 1724; x_wconf 82' lang='lat' dir='ltr'>Monastcrii</span> <span class='ocrx_word' id='word_1_549' title='bbox 506 1701 634 1729; x_wconf 80' lang='lat' dir='ltr'>audiatur3</span> <span class='ocrx_word' id='word_1_550' title='bbox 652 1701 693 1730; x_wconf 92' lang='lat' dir='ltr'>qui</span> <span class='ocrx_word' id='word_1_551' title='bbox 712 1703 767 1730; x_wconf 90' lang='lat' dir='ltr'>post</span> <span class='ocrx_word' id='word_1_552' title='bbox 784 1704 922 1731; x_wconf 84' lang='lat' dir='ltr'>compotum</span> <span class='ocrx_word' id='word_1_553' title='bbox 938 1702 1057 1725; x_wconf 88' lang='lat' dir='ltr'>redditum</span> <span class='ocrx_word' id='word_1_554' title='bbox 1074 1702 1103 1725; x_wconf 85' lang='lat' dir='ltr'>de</span> <span class='ocrx_word' id='word_1_555' title='bbox 1117 1703 1248 1732; x_wconf 80' lang='lat' dir='ltr'>arreragiis,</span> 
     </span>
     <span class='ocr_line' id='line_1_52' title="bbox 91 1725 1250 1765; baseline 0.002 -12"><span class='ocrx_word' id='word_1_556' title='bbox 91 1725 169 1765; x_wconf 60' lang='lat' dir='ltr'>⁰⁰{nu‘m</span> <span class='ocrx_word' id='word_1_557' title='bbox 182 1731 321 1759; x_wconf 74' lang='lat' dir='ltr'>remanenti,</span> <span class='ocrx_word' id='word_1_558' title='bbox 351 1732 375 1753; x_wconf 84' lang='lat' dir='ltr'>et</span> <span class='ocrx_word' id='word_1_559' title='bbox 402 1731 463 1760; x_wconf 86' lang='lat' dir='ltr'>pede</span> <span class='ocrx_word' id='word_1_560' title='bbox 491 1731 603 1759; x_wconf 86' lang='lat' dir='ltr'>compoti,</span> <span class='ocrx_word' id='word_1_561' title='bbox 633 1731 726 1760; x_wconf 86' lang='lat' dir='ltr'>copiam</span> <span class='ocrx_word' id='word_1_562' title='bbox 746 1738 789 1760; x_wconf 82' lang='lat' dir='ltr'>per</span> <span class='ocrx_word' id='word_1_563' title='bbox 809 1731 961 1754; x_wconf 84' lang='lat' dir='ltr'>indenturam</span> <span class='ocrx_word' id='word_1_564' title='bbox 981 1732 1098 1761; x_wconf 87' lang='lat' dir='ltr'>recipiant</span> <span class='ocrx_word' id='word_1_565' title='bbox 1117 1732 1250 1755; x_wconf 89' lang='lat' dir='ltr'>Conventui</span> 
     </span>
     <span class='ocr_line' id='line_1_53' title="bbox 89 1750 1247 1791; baseline 0.002 -9"><span class='ocrx_word' id='word_1_566' title='bbox 89 1750 149 1789; x_wconf 50' lang='lat' dir='ltr'>{glli-</span> <span class='ocrx_word' id='word_1_567' title='bbox 183 1760 351 1789; x_wconf 80' lang='lat' dir='ltr'>exhibendam,</span> <span class='ocrx_word' id='word_1_568' title='bbox 371 1761 395 1783; x_wconf 92' lang='lat' dir='ltr'>et</span> <span class='ocrx_word' id='word_1_569' title='bbox 413 1760 489 1790; x_wconf 73' lang='lat' dir='ltr'>ipsum</span> <span class='ocrx_word' id='word_1_570' title='bbox 507 1760 554 1789; x_wconf 83' lang='lat' dir='ltr'>ipsi</span> <span class='ocrx_word' id='word_1_571' title='bbox 575 1761 707 1783; x_wconf 91' lang='lat' dir='ltr'>Conventui</span> <span class='ocrx_word' id='word_1_572' title='bbox 729 1761 858 1783; x_wconf 82' lang='lat' dir='ltr'>exhibeant</span> <span class='ocrx_word' id='word_1_573' title='bbox 874 1761 990 1789; x_wconf 78' lang='lat' dir='ltr'>indilate3</span> <span class='ocrx_word' id='word_1_574' title='bbox 1015 1761 1126 1791; x_wconf 88' lang='lat' dir='ltr'>quodque</span> <span class='ocrx_word' id='word_1_575' title='bbox 1147 1762 1247 1790; x_wconf 69' lang='lat' dir='ltr'>singulis</span> 
     </span>
     <span class='ocr_line' id='line_1_54' title="bbox 99 1790 1249 1821; baseline 0.002 -9"><span class='ocrx_word' id='word_1_576' title='bbox 99 1790 247 1815; x_wconf 81' lang='lat' dir='ltr'>vorumannis</span> <span class='ocrx_word' id='word_1_577' title='bbox 258 1792 313 1819; x_wconf 82' lang='lat' dir='ltr'>post</span> <span class='ocrx_word' id='word_1_578' title='bbox 323 1792 493 1819; x_wconf 85' lang='lat' dir='ltr'>autumpnum,</span> <span class='ocrx_word' id='word_1_579' title='bbox 506 1792 561 1812; x_wconf 87' lang='lat' dir='ltr'>ante</span> <span class='ocrx_word' id='word_1_580' title='bbox 572 1790 711 1818; x_wconf 80' lang='lat' dir='ltr'>hujusmodi</span> <span class='ocrx_word' id='word_1_581' title='bbox 722 1792 860 1819; x_wconf 87' lang='lat' dir='ltr'>compotum</span> <span class='ocrx_word' id='word_1_582' title='bbox 871 1791 1000 1819; x_wconf 83' lang='lat' dir='ltr'>redditum,</span> <span class='ocrx_word' id='word_1_583' title='bbox 1023 1791 1071 1813; x_wconf 87' lang='lat' dir='ltr'>duo</span> <span class='ocrx_word' id='word_1_584' title='bbox 1083 1791 1196 1814; x_wconf 78' lang='lat' dir='ltr'>Canonici</span> <span class='ocrx_word' id='word_1_585' title='bbox 1206 1798 1249 1821; x_wconf 87' lang='lat' dir='ltr'>per</span> 
     </span>
     <span class='ocr_line' id='line_1_55' title="bbox 90 1819 1245 1849; baseline 0.002 -8"><span class='ocrx_word' id='word_1_586' title='bbox 90 1820 132 1841; x_wconf 85' lang='lat' dir='ltr'>etc.</span> <span class='ocrx_word' id='word_1_587' title='bbox 182 1820 331 1843; x_wconf 85' lang='lat' dir='ltr'>Conventum</span> <span class='ocrx_word' id='word_1_588' title='bbox 342 1820 419 1848; x_wconf 84' lang='lat' dir='ltr'>electi,</span> <span class='ocrx_word' id='word_1_589' title='bbox 437 1820 462 1842; x_wconf 89' lang='lat' dir='ltr'>in</span> <span class='ocrx_word' id='word_1_590' title='bbox 473 1820 586 1842; x_wconf 79' lang='lat' dir='ltr'>comitiva</span> <span class='ocrx_word' id='word_1_591' title='bbox 597 1819 699 1842; x_wconf 77' lang='lat' dir='ltr'>Abbatis</span> <span class='ocrx_word' id='word_1_592' title='bbox 710 1820 747 1842; x_wconf 78' lang='lat' dir='ltr'>vel</span> <span class='ocrx_word' id='word_1_593' title='bbox 759 1820 856 1843; x_wconf 76' lang='lat' dir='ltr'>alterius</span> <span class='ocrx_word' id='word_1_594' title='bbox 872 1827 942 1849; x_wconf 89' lang='lat' dir='ltr'>quem</span> <span class='ocrx_word' id='word_1_595' title='bbox 953 1821 1036 1843; x_wconf 81' lang='lat' dir='ltr'>Abbas</span> <span class='ocrx_word' id='word_1_596' title='bbox 1047 1821 1078 1843; x_wconf 85' lang='lat' dir='ltr'>ad</span> <span class='ocrx_word' id='word_1_597' title='bbox 1093 1821 1137 1843; x_wconf 88' lang='lat' dir='ltr'>hoc</span> <span class='ocrx_word' id='word_1_598' title='bbox 1149 1821 1245 1844; x_wconf 84' lang='lat' dir='ltr'>duxerit</span> 
     </span>
     <span class='ocr_line' id='line_1_56' title="bbox 180 1849 1246 1879; baseline 0.002 -8"><span class='ocrx_word' id='word_1_599' title='bbox 180 1849 353 1878; x_wconf 78' lang='lat' dir='ltr'>deputandum,</span> <span class='ocrx_word' id='word_1_600' title='bbox 362 1849 467 1878; x_wconf 84' lang='lat' dir='ltr'>singulas</span> <span class='ocrx_word' id='word_1_601' title='bbox 478 1849 595 1872; x_wconf 79' lang='lat' dir='ltr'>Ecclesias</span> <span class='ocrx_word' id='word_1_602' title='bbox 606 1851 630 1871; x_wconf 84' lang='lat' dir='ltr'>et</span> <span class='ocrx_word' id='word_1_603' title='bbox 639 1849 745 1872; x_wconf 88' lang='lat' dir='ltr'>Maneria</span> <span class='ocrx_word' id='word_1_604' title='bbox 755 1850 883 1872; x_wconf 88' lang='lat' dir='ltr'>eorundem</span> <span class='ocrx_word' id='word_1_605' title='bbox 895 1850 1008 1879; x_wconf 79' lang='lat' dir='ltr'>circ-nant,</span> <span class='ocrx_word' id='word_1_606' title='bbox 1021 1850 1159 1879; x_wconf 87' lang='lat' dir='ltr'>sumptibus</span> <span class='ocrx_word' id='word_1_607' title='bbox 1169 1851 1177 1873; x_wconf 88' lang='lat' dir='ltr'>i</span> <span class='ocrx_word' id='word_1_608' title='bbox 1196 1851 1246 1873; x_wconf 86' lang='grc'><strong>51115</strong></span> 
     </span>
     <span class='ocr_line' id='line_1_57' title="bbox 180 1879 1245 1909; baseline 0.002 -8"><span class='ocrx_word' id='word_1_609' title='bbox 180 1879 319 1902; x_wconf 82' lang='lat' dir='ltr'>Monasterii</span> <span class='ocrx_word' id='word_1_610' title='bbox 330 1886 373 1908; x_wconf 84' lang='lat' dir='ltr'>per</span> <span class='ocrx_word' id='word_1_611' title='bbox 383 1879 503 1901; x_wconf 83' lang='lat' dir='ltr'>Abbatem</span> <span class='ocrx_word' id='word_1_612' title='bbox 514 1879 602 1901; x_wconf 85' lang='lat' dir='ltr'>eisdem</span> <span class='ocrx_word' id='word_1_613' title='bbox 614 1879 784 1907; x_wconf 81' lang='lat' dir='ltr'>ministrandis,</span> <span class='ocrx_word' id='word_1_614' title='bbox 802 1880 917 1909; x_wconf 78' lang='lat' dir='ltr'>grangias,</span> <span class='ocrx_word' id='word_1_615' title='bbox 930 1880 1073 1908; x_wconf 75' lang='lat' dir='ltr'>instaur-um,</span> <span class='ocrx_word' id='word_1_616' title='bbox 1091 1882 1115 1903; x_wconf 88' lang='lat' dir='ltr'>et</span> <span class='ocrx_word' id='word_1_617' title='bbox 1126 1880 1173 1903; x_wconf 82' lang='lat' dir='ltr'>alia</span> <span class='ocrx_word' id='word_1_618' title='bbox 1200 1887 1245 1903; x_wconf 85' lang='lat' dir='ltr'>ona</span> 
     </span>
     <span class='ocr_line' id='line_1_58' title="bbox 179 1908 1245 1939; baseline 0.002 -9"><span class='ocrx_word' id='word_1_619' title='bbox 179 1915 328 1938; x_wconf 85' lang='lat' dir='ltr'>quecumque</span> <span class='ocrx_word' id='word_1_620' title='bbox 340 1908 399 1931; x_wconf 90' lang='lat' dir='ltr'>inibi</span> <span class='ocrx_word' id='word_1_621' title='bbox 410 1909 539 1931; x_wconf 76' lang='lat' dir='ltr'>existencia</span> <span class='ocrx_word' id='word_1_622' title='bbox 550 1909 718 1937; x_wconf 78' lang='lat' dir='ltr'>supervideant</span> <span class='ocrx_word' id='word_1_623' title='bbox 725 1909 857 1937; x_wconf 86' lang='lat' dir='ltr'>diligenter.</span> <span class='ocrx_word' id='word_1_624' title='bbox 892 1909 996 1938; x_wconf 81' lang='lat' dir='ltr'>Proviso,</span> <span class='ocrx_word' id='word_1_625' title='bbox 1009 1910 1098 1938; x_wconf 83' lang='lat' dir='ltr'>tamen,</span> <span class='ocrx_word' id='word_1_626' title='bbox 1111 1910 1176 1939; x_wconf 85' lang='lat' dir='ltr'>quod</span> <span class='ocrx_word' id='word_1_627' title='bbox 1185 1910 1245 1933; x_wconf 82' lang='lat' dir='ltr'>dicti</span> 
     </span>
     <span class='ocr_line' id='line_1_59' title="bbox 179 1938 1244 1968; baseline 0.002 -8"><span class='ocrx_word' id='word_1_628' title='bbox 179 1938 291 1961; x_wconf 75' lang='lat' dir='ltr'>Uanoniei</span> <span class='ocrx_word' id='word_1_629' title='bbox 310 1938 343 1960; x_wconf 89' lang='lat' dir='ltr'>sic</span> <span class='ocrx_word' id='word_1_630' title='bbox 362 1938 436 1966; x_wconf 84' lang='lat' dir='ltr'>electi,</span> <span class='ocrx_word' id='word_1_631' title='bbox 454 1938 516 1960; x_wconf 82' lang='lat' dir='ltr'>infra</span> <span class='ocrx_word' id='word_1_632' title='bbox 541 1938 671 1960; x_wconf 86' lang='lat' dir='ltr'>terminum</span> <span class='ocrx_word' id='word_1_633' title='bbox 688 1940 862 1967; x_wconf 81' lang='lat' dir='ltr'>competentem</span> <span class='ocrx_word' id='word_1_634' title='bbox 880 1946 922 1968; x_wconf 87' lang='lat' dir='ltr'>per</span> <span class='ocrx_word' id='word_1_635' title='bbox 938 1939 1058 1962; x_wconf 81' lang='lat' dir='ltr'>Abbatem</span> <span class='ocrx_word' id='word_1_636' title='bbox 1074 1939 1244 1968; x_wconf 64' lang='lat' dir='ltr'>assignandum</span> 
     </span>
    </p>

    <p class='ocr_par' dir='ltr' id='par_1_10' title="bbox 87 1964 1244 2176">
     <span class='ocr_line' id='line_1_60' title="bbox 89 1964 1244 1998; baseline 0.002 -8"><span class='ocrx_word' id='word_1_637' title='bbox 89 1964 121 1985; x_wconf 68' lang='lat' dir='ltr'>De</span> <span class='ocrx_word' id='word_1_638' title='bbox 130 1970 168 1985; x_wconf 70' lang='lat'>³²¹1·</span> <span class='ocrx_word' id='word_1_639' title='bbox 177 1968 274 1996; x_wconf 86' lang='lat' dir='ltr'>eisdem,</span> <span class='ocrx_word' id='word_1_640' title='bbox 297 1968 443 1997; x_wconf 76' lang='lat' dir='ltr'>quamcicius</span> <span class='ocrx_word' id='word_1_641' title='bbox 464 1968 562 1990; x_wconf 79' lang='lat' dir='ltr'>redeant</span> <span class='ocrx_word' id='word_1_642' title='bbox 582 1968 612 1990; x_wconf 77' lang='lat' dir='ltr'>ad</span> <span class='ocrx_word' id='word_1_643' title='bbox 635 1968 805 1990; x_wconf 66' lang='lat' dir='ltr'>Mona-sterium</span> <span class='ocrx_word' id='word_1_644' title='bbox 827 1968 1000 1997; x_wconf 79' lang='lat' dir='ltr'>supradictum.</span> <span class='ocrx_word' id='word_1_645' title='bbox 1033 1969 1070 1997; x_wconf 87' lang='lat' dir='ltr'>Et,</span> <span class='ocrx_word' id='word_1_646' title='bbox 1094 1970 1151 1998; x_wconf 91' lang='lat' dir='ltr'>quia</span> <span class='ocrx_word' id='word_1_647' title='bbox 1170 1969 1244 1992; x_wconf 79' lang='lat' dir='ltr'>vestri</span> 
     </span>
     <span class='ocr_line' id='line_1_61' title="bbox 88 1991 1242 2028; baseline 0.001 -8"><span class='ocrx_word' id='word_1_648' title='bbox 88 1991 315 2020; x_wconf 53' lang='lat' dir='ltr'>menta-Mouasterii</span> <span class='ocrx_word' id='word_1_649' title='bbox 330 1998 465 2025; x_wconf 75' lang='lat' dir='ltr'>facultates,</span> <span class='ocrx_word' id='word_1_650' title='bbox 485 2004 527 2026; x_wconf 83' lang='lat' dir='ltr'>per</span> <span class='ocrx_word' id='word_1_651' title='bbox 539 1998 583 2019; x_wconf 84' lang='lat' dir='ltr'>Dei</span> <span class='ocrx_word' id='word_1_652' title='bbox 600 1998 701 2026; x_wconf 77' lang='lat' dir='ltr'>graciam</span> <span class='ocrx_word' id='word_1_653' title='bbox 718 2000 742 2020; x_wconf 83' lang='lat' dir='ltr'>et</span> <span class='ocrx_word' id='word_1_654' title='bbox 759 1998 901 2020; x_wconf 82' lang='lat' dir='ltr'>industriam</span> <span class='ocrx_word' id='word_1_655' title='bbox 913 1998 1016 2021; x_wconf 83' lang='lat' dir='ltr'>Abbatis</span> <span class='ocrx_word' id='word_1_656' title='bbox 1028 1999 1070 2027; x_wconf 89' lang='lat' dir='ltr'>qui</span> <span class='ocrx_word' id='word_1_657' title='bbox 1081 2005 1144 2021; x_wconf 90' lang='grc'><strong>1111110</strong></span> <span class='ocrx_word' id='word_1_658' title='bbox 1154 2000 1198 2028; x_wconf 88' lang='lat' dir='ltr'>est,</span> <span class='ocrx_word' id='word_1_659' title='bbox 1217 1999 1242 2021; x_wconf 94' lang='lat' dir='ltr'>in</span> 
     </span>
     <span class='ocr_line' id='line_1_62' title="bbox 88 2021 1240 2060; baseline 0.001 -10"><span class='ocrx_word' id='word_1_660' title='bbox 88 2021 270 2060; x_wconf 47' lang='lat' dir='ltr'>{gfffn-tantum</span> <span class='ocrx_word' id='word_1_661' title='bbox 287 2027 397 2049; x_wconf 86' lang='lat' dir='ltr'>novimus</span> <span class='ocrx_word' id='word_1_662' title='bbox 414 2034 463 2049; x_wconf 79' lang='lat' dir='ltr'>esse</span> <span class='ocrx_word' id='word_1_663' title='bbox 477 2028 559 2049; x_wconf 77' lang='lat' dir='ltr'>auctas</span> <span class='ocrx_word' id='word_1_664' title='bbox 575 2027 640 2056; x_wconf 81' lang='lat' dir='ltr'>quod</span> <span class='ocrx_word' id='word_1_665' title='bbox 655 2028 761 2049; x_wconf 77' lang='lat' dir='ltr'>sulficere</span> <span class='ocrx_word' id='word_1_666' title='bbox 772 2029 874 2056; x_wconf 85' lang='lat' dir='ltr'>possunt</span> <span class='ocrx_word' id='word_1_667' title='bbox 889 2035 933 2057; x_wconf 88' lang='lat' dir='ltr'>pro</span> <span class='ocrx_word' id='word_1_668' title='bbox 950 2028 1124 2051; x_wconf 81' lang='lat' dir='ltr'>sustentacione</span> <span class='ocrx_word' id='word_1_669' title='bbox 1140 2029 1240 2052; x_wconf 88' lang='lat' dir='ltr'>Canoni-</span> 
     </span>
     <span class='ocr_line' id='line_1_63' title="bbox 87 2057 1243 2088; baseline 0.003 -10"><span class='ocrx_word' id='word_1_670' title='bbox 87 2065 167 2086; x_wconf 71' lang='lat' dir='ltr'>icarum</span> <span class='ocrx_word' id='word_1_671' title='bbox 178 2064 259 2079; x_wconf 82' lang='lat' dir='ltr'>corum</span> <span class='ocrx_word' id='word_1_672' title='bbox 279 2064 323 2086; x_wconf 87' lang='lat' dir='ltr'>pro</span> <span class='ocrx_word' id='word_1_673' title='bbox 344 2063 442 2079; x_wconf 89' lang='lat' dir='ltr'>numero</span> <span class='ocrx_word' id='word_1_674' title='bbox 463 2057 581 2085; x_wconf 85' lang='lat' dir='ltr'>ampliori,</span> <span class='ocrx_word' id='word_1_675' title='bbox 609 2057 757 2079; x_wconf 83' lang='lat' dir='ltr'>decernimus</span> <span class='ocrx_word' id='word_1_676' title='bbox 778 2058 809 2085; x_wconf 86' lang='lat' dir='ltr'>et,</span> <span class='ocrx_word' id='word_1_677' title='bbox 833 2057 915 2086; x_wconf 84' lang='lat' dir='ltr'>eciam,</span> <span class='ocrx_word' id='word_1_678' title='bbox 938 2058 1075 2081; x_wconf 85' lang='lat' dir='ltr'>ordinamus</span> <span class='ocrx_word' id='word_1_679' title='bbox 1095 2058 1161 2088; x_wconf 81' lang='lat' dir='ltr'>quod</span> <span class='ocrx_word' id='word_1_680' title='bbox 1181 2058 1243 2080; x_wconf 75' lang='lat' dir='ltr'>infra</span> 
     </span>
     <span class='ocr_line' id='line_1_64' title="bbox 170 2081 1241 2115; baseline 0.001 -6"><span class='ocrx_word' id='word_1_681' title='bbox 170 2081 300 2109; x_wconf 69' lang='lat' dir='ltr'>&#39;biennium</span> <span class='ocrx_word' id='word_1_682' title='bbox 318 2086 348 2109; x_wconf 86' lang='lat' dir='ltr'>de</span> <span class='ocrx_word' id='word_1_683' title='bbox 366 2086 459 2109; x_wconf 85' lang='lat' dir='ltr'>duabus</span> <span class='ocrx_word' id='word_1_684' title='bbox 478 2087 584 2115; x_wconf 82' lang='lat' dir='ltr'>personis</span> <span class='ocrx_word' id='word_1_685' title='bbox 601 2086 707 2115; x_wconf 77' lang='lat' dir='ltr'>ydoneis,</span> <span class='ocrx_word' id='word_1_686' title='bbox 730 2087 866 2109; x_wconf 82' lang='lat' dir='ltr'>volentibus</span> <span class='ocrx_word' id='word_1_687' title='bbox 888 2089 912 2110; x_wconf 86' lang='lat' dir='ltr'>et</span> <span class='ocrx_word' id='word_1_688' title='bbox 932 2087 1069 2110; x_wconf 81' lang='lat' dir='ltr'>valentibus</span> <span class='ocrx_word' id='word_1_689' title='bbox 1089 2088 1135 2110; x_wconf 82' lang='lat' dir='ltr'>sub</span> <span class='ocrx_word' id='word_1_690' title='bbox 1155 2087 1241 2110; x_wconf 82' lang='lat' dir='ltr'>habitu</span> 
     </span>
     <span class='ocr_line' id='line_1_65' title="bbox 175 2115 1241 2147; baseline 0.001 -8"><span class='ocrx_word' id='word_1_691' title='bbox 175 2117 253 2139; x_wconf 81' lang='lat' dir='ltr'>vestre</span> <span class='ocrx_word' id='word_1_692' title='bbox 264 2116 393 2145; x_wconf 77' lang='lat' dir='ltr'>Religionis</span> <span class='ocrx_word' id='word_1_693' title='bbox 404 2116 507 2138; x_wconf 90' lang='lat' dir='ltr'>Domino</span> <span class='ocrx_word' id='word_1_694' title='bbox 518 2115 637 2144; x_wconf 80' lang='lat' dir='ltr'>famulari,</span> <span class='ocrx_word' id='word_1_695' title='bbox 656 2116 763 2145; x_wconf 86' lang='lat' dir='ltr'>ipsorum</span> <span class='ocrx_word' id='word_1_696' title='bbox 776 2117 949 2139; x_wconf 76' lang='lat' dir='ltr'>Canonicorum</span> <span class='ocrx_word' id='word_1_697' title='bbox 959 2124 1072 2140; x_wconf 89' lang='lat' dir='ltr'>uumerus</span> <span class='ocrx_word' id='word_1_698' title='bbox 1081 2117 1122 2147; x_wconf 83' lang='lat' dir='ltr'>qui</span> <span class='ocrx_word' id='word_1_699' title='bbox 1133 2124 1196 2140; x_wconf 84' lang='lat' dir='ltr'>nunc</span> <span class='ocrx_word' id='word_1_700' title='bbox 1205 2118 1241 2140; x_wconf 84' lang='lat' dir='ltr'>est</span> 
     </span>
     <span class='ocr_line' id='line_1_66' title="bbox 174 2145 1240 2176; baseline 0.001 -7"><span class='ocrx_word' id='word_1_701' title='bbox 174 2148 296 2176; x_wconf 61' lang='lat' dir='ltr'>augeatiuu</span> <span class='ocrx_word' id='word_1_702' title='bbox 328 2146 364 2169; x_wconf 93' lang='lat' dir='ltr'>De</span> <span class='ocrx_word' id='word_1_703' title='bbox 379 2146 439 2175; x_wconf 87' lang='lat' dir='ltr'>viro,</span> <span class='ocrx_word' id='word_1_704' title='bbox 454 2152 557 2175; x_wconf 82' lang='lat' dir='ltr'>quoque,</span> <span class='ocrx_word' id='word_1_705' title='bbox 575 2145 671 2169; x_wconf 77' lang='lat' dir='ltr'>literato</span> <span class='ocrx_word' id='word_1_706' title='bbox 686 2153 728 2175; x_wconf 86' lang='lat' dir='ltr'>per</span> <span class='ocrx_word' id='word_1_707' title='bbox 744 2153 794 2176; x_wconf 74' lang='lat' dir='ltr'>vos,</span> <span class='ocrx_word' id='word_1_708' title='bbox 806 2146 964 2176; x_wconf 68' lang='lat' dir='ltr'>[Conventum</span> <span class='ocrx_word' id='word_1_709' title='bbox 978 2147 1121 2176; x_wconf 86' lang='lat' dir='ltr'>predictum,</span> <span class='ocrx_word' id='word_1_710' title='bbox 1141 2154 1155 2171; x_wconf 81' lang='lat' dir='ltr'>a</span> <span class='ocrx_word' id='word_1_711' title='bbox 1171 2147 1240 2171; x_wconf 89' lang='lat' dir='ltr'>nobis</span> 
     </span>
    </p>
   </div>
  </div>
 </body>
</html>
