1328 2295
470 116 653 142 GENERAL
677 117 814 142 INDEX.
1172 107 1217 140 39

131 191 186 214 Rex
207 191 353 215 Viceeomiti
369 192 479 217 Devonie
495 194 715 218 salutem.—Pone
733 202 776 224 per
788 193 891 217 vadium
908 195 935 216 et
950 193 1030 216 salvos
1048 193 1140 224 plegios
1157 194 1222 217 Wal-

164 225 255 253 terum,
266 224 418 255 Episcopum
428 226 602 255 Exoniensem,
611 226 760 257 Magistrum
769 226 903 249 Ricardum
914 226 944 249 de
953 226 1078 255 Coletone,
1089 226 1223 249 Ricardum

164 256 196 279 de
215 256 334 288 Braileye,
355 259 381 281 et
401 258 549 289 Magistrum
570 259 704 282 Ricardum
722 259 754 282 de
772 258 919 287 Wideslade,
942 258 1127 281 Commissarios
1146 258 1223 288 ipsius

164 288 287 319 Episcopi,
308 290 377 320 quod
396 290 448 314 sint
468 299 550 315 coram
567 291 639 315 nobis
659 299 674 315 a
690 291 730 314 die
749 291 834 314 Sancti
853 290 981 314 Michaelis
998 290 1025 314 in
1040 299 1073 314 xv
1088 291 1147 319 dies,
1170 291 1223 314 ubi·

165 328 273 351 cumque
300 323 362 346 tunc
389 323 512 347 fuerimus
534 324 561 347 in
583 324 681 354 Anglia,
706 325 848 347 ostensuros
871 331 955 353 quare,
979 331 1037 346 cum
1060 323 1169 346 Ecclesia
1192 323 1223 346 de

165 352 325 377 Axeminstre
348 363 378 378 ex
398 356 532 379 donacione
555 359 581 380 et
604 356 759 380 concessione
779 356 936 386 quorundam
957 355 1148 386 Progenitorum
1168 363 1223 378 nos-

164 387 268 415 trorum,
282 388 409 416 quondam
421 388 519 419 Regum
528 388 624 420 Anglie,
633 389 741 412 Ecclesie
750 388 822 412 Beati
831 388 899 411 Petri
909 388 1070 411 Eboracensis
1082 388 1223 418 antiquitus

164 417 242 441 fuerit
260 419 427 450 PrehendaliS,
444 421 580 445 Prebendis
596 422 627 444 de
642 421 773 445 Warthille
789 424 815 444 et
831 420 954 444 Grendale
971 420 996 443 in
1013 421 1099 443 eadem
1116 420 1224 443 Ecclesia

165 450 314 474 Eboracensi
334 460 437 482 annexa,
450 455 476 477 et
496 454 527 477 ab
545 454 613 477 omni
630 454 645 477 J
649 453 810 477 urisdiccione
828 453 964 482 Ordinaria,
983 453 1048 476 sicut
1064 455 1144 476 cetere
1165 453 1221 475 Pre-

164 483 244 506 bende
256 484 352 514 prefate
370 485 478 509 Ecclesie
494 486 662 515 Eboracensis,
675 486 752 509 libera
764 488 789 509 et
800 486 927 514 immunis,
940 485 1223 515 predicti—Episcopus,

164 515 293 545 Ricardus,
306 516 433 547 RicarduS‚
447 520 473 541 et
484 518 611 547 Ricardus,
628 519 643 542 J
646 518 768 542 ohannem
781 519 812 541 de
826 518 1013 548 Merkingfelde,
1028 518 1223 541 Prebendarium

163 547 230 571 dicte
243 548 371 572 Prehende
382 550 413 573 de
425 550 564 579 Wathifle,
574 553 600 574 et
611 551 761 581 Magistrum
778 551 882 574 Petrum
894 550 925 573 de
937 551 1014 579 Dene,
1027 549 1223 573 Prebendarium

164 580 230 604 dicte
250 580 380 605 Prebende
400 583 431 606 de
452 583 582 612 Grendale,
603 584 635 606 ad
657 583 841 607 ostendendum
861 590 942 606 coram
962 582 1021 613 ipsis
1044 582 1141 606 Titulos
1160 590 1223 612 quos

164 612 259 636 habent
270 613 296 637 in
307 613 361 644 ipsa
378 614 486 638 Ecclesia
498 615 529 639 de
545 616 704 639 Axeminstre
724 615 879 644 Prebendali,
892 617 918 638 et
929 615 977 638 alia
988 622 1037 645 que
1048 623 1063 638 a
1075 615 1223 638 Rectoribus

164 645 331 669 Ecclesiarum
349 646 499 671 Curatarum
523 648 693 679 requiruntur,
717 656 745 671 ac
767 648 787 671 si
805 648 858 678 ipsa
879 647 988 671 Ecclesia
1009 648 1040 671 de
1063 647 1223 671 Axeminstre

163 678 260 708 prefato
283 678 405 709 Episcopo
430 680 496 704 sieut
520 681 650 704 Ordinario
674 681 733 704 Loci
755 680 870 711 subjecta
889 682 961 709 esset,
985 688 1042 703 cum
1065 687 1115 703 non
1136 680 1176 708 sit,
1197 680 1223 703 in

163 710 261 740 prefata
290 711 399 735 Ecclesia
423 713 453 735 de
476 713 636 737 Axeminstre
660 713 737 742 citari,
759 716 785 736 et
807 721 852 743 pro
875 721 902 736 eo
926 713 994 743 quod
1018 720 1100 736 coram
1118 712 1153 736 eis
1173 720 1223 735 non

164 745 289 766 venerunt
300 744 331 767 ad
345 744 498 768 (lit-wionem
515 746 591 775 illam,
604 748 680 776 prout
694 753 739 769 nec
754 745 903 774 debuerunt,
916 745 1014 769 fructus
1032 745 1098 768 dicte
1114 745 1223 768 Ecclesie

164 775 195 798 dc
216 775 375 800 Axeminstre
391 778 541 807 sequestrari
559 779 680 808 fecerunt,
694 778 901 802 Jurisdiccionem
919 777 1076 801 Ordinariam
1092 777 1117 800 in
1136 778 1223 801 eadem

164 807 273 831 Ecclesia
299 809 330 832 de
354 809 514 834 Axeminstre
540 811 683 840 exercendo,
707 813 733 834 et
755 811 802 834 alia
824 810 967 841 gravamina
990 810 1024 834 eis
1047 810 1222 841 multiplieiter

100 930 230 954 recovered
242 930 263 954 it
280 931 306 954 in
318 931 361 955 the
373 933 461 964 King’s
474 932 559 964 Court,
570 935 619 958 and

99 963 250 987 interdicted
262 963 305 987 the
318 964 417 989 Church
430 967 478 989 and
488 967 553 990 their
561 967 618 990 Pre-

100 995 236 1025 bendarieS,
246 996 332 1020 whiles
345 997 405 1028 they
418 1007 480 1022 were
492 999 619 1030 imployed

99 1027 133 1058 by
143 1028 187 1051 the
199 1028 266 1058 King
278 1028 304 1052 in
316 1029 354 1052 his
366 1031 465 1061 service,
478 1034 504 1054 to
519 1032 557 1055 his
569 1033 617 1055 and

101 1060 167 1083 their
190 1060 290 1084 notable
317 1062 451 1093 prejudice,
475 1064 617 1093 dishonour,

100 1092 230 1122 grievance
242 1093 292 1116 and
304 1097 443 1126 contempt:
461 1096 569 1119 whereof
576 1097 620 1120 the

101 1125 169 1155 King
192 1125 266 1156 being
289 1126 378 1158 deeply
401 1129 514 1158 sensible,
538 1129 620 1152 issued

101 1157 153 1181 this
171 1157 321 1181 memorable
339 1160 405 1184 Writ
420 1163 447 1184 to
467 1161 511 1184 the
531 1161 625 1185 Sheriff

102 1190 128 1213 οἱ
140 1190 234 1219 Devon,
244 1192 271 1213 to
281 1198 397 1216 summon
407 1193 450 1217 the
460 1194 620 1217 Archdeacon

102 1224 128 1246 to
140 1230 230 1253 appear
246 1222 330 1247 before
348 1225 400 1248 him
415 1228 441 1249 to
459 1234 553 1250 answcr
571 1227 621 1250 this

102 1254 163 1284 high
183 1257 312 1284 contempt
335 1258 385 1281 and
405 1258 489 1289 injury
510 1258 571 1282 both
594 1261 621 1283 to

102 1287 203 1310 himself
217 1288 267 1311 and
279 1288 317 1312 his
329 1290 455 1314 Cle1·kes.''

72 1319 153 1343 Claus.
162 1320 191 1343 26
205 1320 232 1343 Ε.
244 1320 287 1358 L]
306 1322 381 1346 “Rex
409 1323 553 1348 vicecomiti
571 1324 620 1348 De-

87 1360 120 1375 m.
146 1351 167 1381 7,
186 1352 262 1375 dorso.
322 1356 393 1379 vonie
406 1356 511 1386 [Simoni
521 1357 552 1380 de
564 1357 621 1380 Bra-

89 1385 127 1407 De
150 1385 264 1415 ponendo
323 1388 441 1418 denham]
465 1389 621 1412 salutem.—

87 1417 265 1446 Magistrum
283 1439 287 1448 ,
322 1421 361 1444 Ex
377 1421 560 1452 fidedignorum
583 1429 619 1444 re-

87 1449 257 1473 Barths‘lome·
281 1452 285 1462 ¹
320 1453 373 1477 latu
389 1454 521 1477 didicimus
544 1454 619 1484 quod,

87 1489 131 1505 um
157 1482 188 1505 de
217 1482 263 1518 Set-2
281 1465 297 1514 ᾗ
320 1486 378 1509 licet
394 1486 479 1509 dilecti
501 1486 522 1509 S:
542 1495 619 1510 seere-

89 1514 209 1551 1¹21quss
220 1522 263 1537 010
282 1518 286 1527 “
321 1519 378 1542 tarii
390 1519 469 1542 clerici
480 1519 558 1542 nostri
568 1519 619 1542 Ma-

83 1547 264 1583 pervadlumefa
320 1552 397 1582 gister
432 1551 559 1574 Johannes
589 1552 620 1574 do

88 1579 167 1602 ⁵³1V03
188 1579 262 1609 Plegl·
323 1584 478 1608 Craucumbe
487 1584 507 1606 δι
518 1584 619 1607 williel-

90 1619 123 1634 OS·
138 1610 262 1641 (Αο12981
322 1624 378 1639 mus
404 1617 434 1639 de
463 1617 620 1644 Hameltone,

106 1649 241 1673 Ecclesiam
258 1650 289 1673 de
309 1649 477 1677 Axeminstre,
497 1656 554 1671 cum
570 1649 621 1672 suis

103 1682 269 1713 pertinenciis,
280 1681 414 1705 Prebendis
424 1689 486 1711 quas
495 1681 588 1704 habent
596 1682 621 1704 in

105 1714 214 1738 Ecclesia
231 1714 379 1738 Eboracensi
395 1721 524 1742 annexam,
538 1721 620 1743 quam,

104 1749 135 1771 ut
142 1747 284 1770 membrum
292 1746 427 1770 earundem
436 1746 622 1769 Prebendarum

105 1782 315 1810 recuperaverunt
332 1779 358 1802 in
377 1779 452 1802 Curia
468 1781 560 1807 nostra,
573 1778 622 1802 huc

105 1820 185 1842 usque
208 1812 336 1835 tenuerint
359 1811 458 1842 pacifice
481 1813 507 1834 et
529 1811 620 1841 quiete,

104 1843 232 1875 Magister,
258 1847 350 1873 tamen,
378 1843 567 1867 Bartholomeus
592 1844 622 1866 de

106 1876 197 1900 Sancto
208 1877 350 1906 Laurencio,
362 1876 557 1900 Archidiaconus
574 1876 621 1899 Ex-

107 1909 169 1939 onie,
179 1909 275 1933 racione
292 1909 369 1940 ipsius
386 1908 493 1932 Ecclesie
505 1909 623 1931 adversus

108 1949 149 1965 eos
167 1942 318 1965 occasionem
335 1949 441 1972 querens
455 1949 499 1971 pro
511 1941 582 1964 libito
598 1943 623 1964 et

108 1973 258 2004 confingens²
267 1977 293 1997 et
301 1981 462 2004 personarum
470 1976 496 1997 et
505 1973 623 2003 temporis

108 2006 256 2037 qualitatem
270 2014 319 2030 non
336 2014 449 2037 pensans,
463 2014 507 2029 nec
525 2006 556 2029 ad
572 2008 622 2028 sta-

109 2041 165 2062 tum
185 2039 283 2062 honoris
307 2039 377 2069 Regii
398 2039 510 2062 animum
529 2038 623 2061 habeus

106 2071 257 2100 benivolum,
265 2071 291 2094 in
301 2072 399 2094 eosdem
410 2071 509 2094 clericos
518 2074 622 2098 nostros,

108 2103 199 2128 nostris
216 2104 359 2128 insistentes
376 2104 501 2134 obsequiis
520 2106 546 2127 et
561 2103 624 2127 circa

703 942 732 957 ea
744 933 842 958 assidue
857 933 1024 963 intendentes,
1042 934 1220 957 Excommuni-

702 966 806 990 cationis
827 966 984 990 Sentenciam
1010 966 1146 989 autoritate
1167 975 1221 997 pro-

702 999 763 1030 pria,
778 1007 827 1022 non
842 999 895 1022 sine
912 999 980 1029 gravi
1000 999 1092 1029 injuria
1111 999 1222 1029 promul-

702 1032 777 1062 gavit,
801 1034 834 1061 et,
858 1033 889 1055 ut
914 1032 1001 1054 eadem
1024 1031 1114 1062 injuria
1139 1034 1223 1062 posset

703 1064 800 1094 gravior
823 1063 941 1094 reputari,
964 1063 1057 1086 dictam
1079 1063 1140 1087 facit
1162 1064 1222 1088 Sen-

704 1096 812 1120 tenciam
823 1096 944 1127 publicari
960 1098 986 1119 et
998 1104 1038 1119 eos
1054 1096 1222 1119 excommuni-

705 1131 772 1152 catos
789 1129 887 1159 publice
904 1128 1024 1158 nunciari‚
1040 1136 1068 1151 ac
1084 1129 1222 1159 predictam

705 1161 841 1185 Ecclesiam
853 1169 884 1184 ex
895 1161 999 1191 prefatis
1015 1168 1100 1184 eorum
1114 1161 1221 1185 Prehen-

705 1194 751 1221 dis,
770 1193 835 1217 sicut
852 1193 1014 1224 premittitur,
1031 1193 1222 1223 dependentem,

705 1226 877 1249 Ecclesiastico
893 1225 1026 1256 supposuit
1040 1226 1184 1255 Interdicto,
1197 1226 1224 1250 111

705 1258 816 1288 ipsorum
839 1258 984 1282 clericorum
1007 1260 1150 1282 nostrorum
1173 1266 1223 1282 non

705 1291 832 1314 modicum
852 1291 1020 1321 prejudicium
1042 1293 1068 1314 et
1090 1299 1223 1321 gravamen

707 1326 732 1347 et
754 1326 866 1347 nostram
889 1323 1008 1346 offensam
1031 1323 1175 1347 notabiliter
1197 1326 1223 1347 et

706 1358 899 1386 contemptum;
918 1356 985 1386 quod
1001 1357 1073 1379 tanto
1093 1356 1223 1380 molestius

705 1389 815 1417 ferimus,
835 1390 930 1419 quanto
949 1388 1069 1418 majorem
1087 1388 1112 1411 in
1132 1389 1223 1412 nostris

705 1421 834 1444 extalibus
846 1421 1000 1451 processibus
1010 1421 1128 1444 offensam
1139 1421 1222 1444 incur-

704 1453 790 1482 rimus,
803 1455 948 1484 quantoque
964 1453 1094 1484 specialius
1111 1453 1222 1484 ipsorum

704 1486 796 1516 injurie
808 1494 853 1509 nos
865 1486 1021 1516 contingunt.
1052 1486 1124 1515 Cum,
1137 1486 1221 1516 igitur,

704 1526 754 1541 non
767 1518 800 1542 sit
812 1518 944 1541 verisimile
957 1526 1001 1541 nec
1013 1518 1142 1541 credamus
1154 1519 1223 1542 illam

704 1551 802 1581 culpam
815 1559 844 1574 ex
857 1553 926 1581 parte
944 1551 1054 1581 ipsorum
1070 1551 1223 1581 processisse,

704 1583 777 1614 cujus
797 1586 913 1613 pretextu
932 1585 1018 1606 contra
1038 1591 1078 1606 eos
1102 1583 1161 1606 talia
1181 1584 1222 1606 de-

705 1615 794 1639 buerat
810 1617 980 1646 attemptasse,
994 1623 1039 1639 nec
1056 1615 1160 1639 tolerare
1179 1624 1223 1639 nos

706 1648 822 1671 convenit
840 1651 942 1671 tantum
958 1655 1094 1677 excessumy
1111 1650 1223 1671 tantum-

705 1688 754 1711 que
770 1681 905 1703 eorundem
920 1680 1064 1704 clericorum
1080 1683 1223 1704 nostrorum

705 1713 866 1743 opprobrium
889 1713 962 1743 cujus
985 1712 1038 1736 fieri
1064 1713 1224 1743 nequivimus

705 1748 819 1774 expertes
831 1754 836 1775 ;
854 1745 901 1769 tibi
911 1745 1060 1776 precipimus
1070 1746 1137 1776 quod
1146 1753 1223 1776 ponas

705 1786 749 1808 per
757 1778 859 1801 vadium
869 1780 894 1801 et
906 1778 986 1801 salvos
994 1777 1087 1808 plegios
1096 1778 1223 1808 prefatum

705 1810 909 1834 Bartholomeum
926 1810 993 1840 quod
1010 1810 1044 1833 sit
1059 1818 1141 1834 coram
1153 1811 1224 1834 nobis

707 1851 721 1866 a
740 1843 780 1866 die
804 1842 889 1866 Sancti
912 1842 1039 1866 Michaelis
1059 1843 1086 1866 in
1108 1849 1142 1866 xv
1162 1843 1222 1872 dies,

706 1875 849 1905 ubicunque
862 1878 924 1898 tunc
941 1875 1062 1898 fuerimus
1082 1875 1108 1898 in
1126 1875 1222 1906 Anglia,

706 1908 737 1931 ad
745 1908 946 1938 respondendum
956 1907 1027 1931 nobis
1037 1908 1067 1931 de
1079 1908 1222 1931 memoratis

707 1940 855 1969 excessibus,
864 1940 1056 1971 gravaminibus,
1072 1942 1098 1963 et
1113 1940 1220 1970 injuriis,

707 1973 741 1996 sic
754 1973 856 2003 prefatis
868 1973 961 1996 clericis
975 1973 1067 1996 nostris
1083 1980 1126 2002 per
1138 1973 1222 2002 ipsum

707 2005 789 2034 illatis,
806 2007 832 2028 et
852 2005 928 2028 eciam
949 2005 980 2028 de
997 2007 1151 2035 contemptu.
1189 2005 1223 2028 Et

707 2037 796 2061 habeas
814 2037 848 2060 ibi
863 2037 963 2060 nomina
977 2037 1114 2067 plegiorum
1133 2039 1158 2059 et
1177 2037 1223 2060 hoc

707 2070 900 2093 Breve—Teste
928 2070 993 2099 Rege
1015 2070 1083 2100 apud
1106 2070 1225 2093 Loweder

707 2103 744 2127 ix‘J
756 2102 797 2126 die
808 2102 871 2127 Julii
883 2102 976 2132 [1298J.
