1328 2295
183 141 257 169 ΤΗΕ
283 143 468 170 REGISTER
494 140 542 169 oF
568 143 709 169 BISHOP
735 142 969 169 STAPELDON.
1143 129 1164 164 'l

101 220 195 244 Idcirco
207 221 319 252 predicta.
329 221 404 245 assisa
416 220 529 252 capiatur
545 228 630 244 versus
648 229 689 244 eos
707 229 751 251 per
768 220 887 244 defaltam
900 220 1016 244 etc-Et
1028 228 1102 250 super
1114 219 1161 243 hoc

101 253 168 277 idem
177 254 302 277 lValterus
310 254 371 278 dicit
382 255 450 285 quod
458 254 564 285 ipsemet
574 253 663 277 ultimo
673 253 825 284 presentavit
837 254 868 277 ad
878 253 1015 284 predictam
1025 253 1160 276 Ecclesiam

101 286 227 316 quendam
239 287 379 310 Walterum
391 287 422 310 de
440 286 582 317 Cantilupo,
595 286 712 310 clericum
729 294 812 315 suum,
833 286 877 316 qui
898 286 929 309 ad
947 285 1160 316 presentaciouem

100 326 172 342 suam
194 319 245 343 fuit
263 319 386 343 admissus
408 321 434 343 et
452 319 585 342 institutus
606 321 717 349 tempore
737 319 811 349 pacis,
831 321 944 349 tempore
964 318 1066 341 Domini
1086 317 1160 348 Regis

101 359 168 375 nunc
180 359 186 380 ;
209 360 253 382 per
275 352 348 382 cujus
371 352 564 382 resignacionem
587 351 698 382 predicta
721 351 830 374 Ecclesia
848 351 921 374 modo
939 353 1029 379 vacat3
1047 352 1073 373 et
1096 350 1160 380 petit

97 384 165 414 quod
177 385 252 408 assisa
263 384 312 408 ista
327 384 385 408 inde
397 385 521 415 procedat,
536 384 747 408 etc—Juratores
764 384 861 411 dicunt,
879 391 954 414 super
973 386 1159 406 sacramentum

101 424 183 446 suum,
198 417 266 447 quod
286 417 414 448 predictus
431 417 557 441 Walterus
576 417 606 440 de
623 417 781 447 Stapeldone,
802 424 876 440 verus
894 416 1030 439 advocatus
1052 415 1159 438 Ecclesie

101 449 218 479 predicte,
232 449 322 473 ultimo
338 449 491 480 presentavit
508 450 540 473 ad
554 449 693 480 predictam
710 449 844 472 Ecclesiam
860 449 1001 479 predictum
1019 448 1159 471 XValterum

101 482 132 505 de
150 482 291 513 Cantilupo,
309 482 426 506 clericum
443 490 526 511 suum,
543 482 587 512 qui
604 482 636 505 ad
649 482 862 512 presentacionem
879 489 951 505 suam
968 481 1018 504 fuit
1036 481 1159 504 admissus

100 516 127 537 et
138 513 279 544 institutus,
292 517 405 546 tempore
415 515 490 545 pacis,
502 517 614 545 tempore
624 514 725 538 Domini
739 514 812 545 Regis
820 522 894 543 nunc,
907 516 934 537 et
945 522 988 544 per
1000 512 1072 544 cujus
1084 513 1159 543 resig-

100 547 228 570 nacionem
240 548 351 577 predicta
364 547 473 571 Ecclesia
488 547 562 570 modo
580 549 659 575 vacat,
674 549 701 570 et
715 555 759 578 per
776 547 970 577 resignacionem
985 546 1054 569 illam
1067 546 1161 576 incepit

101 587 187 603 vacare
198 580 224 603 in
237 580 430 611 Quadragesima
442 580 555 611 proximo
567 580 692 610 preterita.
724 579 825 609 Dicunt,
836 582 954 610 preterea,
963 579 995 602 ad
1006 578 1160 602 evidenciam

101 612 221 636 veredicti
233 613 272 636 sui
289 613 357 644 quod
374 613 486 643 predicta
502 612 648 641 Advocacio,
661 612 736 635 simul
751 620 808 635 cum
824 612 878 635 aliis
895 611 1045 635 tenementis
1057 611 1083 634 iu
1096 611 1161 634 Villa.

102 645 133 668 de
142 645 301 675 Snytesfelde
311 645 371 675 (sic),
384 645 416 668 ad
423 653 472 676 que
480 645 619 668 Advoeacio
632 645 743 675 predicta
752 645 900 675 pertinebat,
914 645 1013 668 dudum
1022 644 1127 667 fuerunt
1134 643 1160 667 in

102 677 191 701 seisina
208 678 340 708 cujusdam
361 678 483 702 Johannis
499 678 530 701 de
548 677 689 708 Cantilupo,
703 677 797 706 Militis,
811 677 913 700 Domini
929 677 960 700 de
978 676 1160 707 Snytenfelde;

101 710 146 740 qui
157 710 260 741 quidem
272 710 399 734 Johannes
414 710 441 734 in
455 710 562 734 crastino
579 710 779 734 Circumcisionis
796 709 907 738 Domini,
921 710 994 733 Anno
1006 709 1076 740 regni
1089 709 1162 739 Regis

102 750 170 766 nunc
189 743 321 767 undecimo
339 743 365 773 [2
385 743 450 772 Jan.,
469 743 594 772 1317-18]‚
614 751 657 773 per
677 743 778 766 Cartam
797 750 870 766 suam
889 742 967 772 dedit,
986 741 1114 770 concessit,
1136 744 1162 765 et

101 775 259 799 confirmavit
274 776 374 799 cuidam
391 775 501 799 WValtero
518 775 550 798 de
568 775 709 806 Cantilupo,
726 775 798 798 fratri
814 783 866 805 suo,
883 783 959 798 unam
972 775 1081 805 placeam
1097 776 1163 797 terre

103 816 147 831 sue
167 816 225 831 cum
249 808 419 832 Advocacione
439 808 547 831 Ecclesie
575 808 693 838 predicte,
720 808 752 831 ad
778 810 863 831 totum
883 810 984 838 tempus
1008 807 1059 830 vite
1084 806 1162 837 ipsius

104 840 208 864 Walteri
225 841 256 864 de
274 841 415 871 Cantilupo,
431 843 456 864 et
473 840 593 871 obligavit
608 848 634 864 se
651 843 677 864 et
694 840 797 864 heredes
812 848 870 864 suos
887 841 919 863 ad
937 840 1163 863 warrantizandum

104 873 241 903 predictam
258 873 368 904 placeam
387 878 451 896 terre
467 876 493 896 et
508 873 706 896 Advocaeionem
720 873 829 896 Ecclesie
846 872 957 903 predicte
975 875 1062 896 contra
1077 880 1163 895 omnes

104 908 198 936 gentes,
211 906 238 929 in
254 906 334 929 forma
350 906 546 936 predicta—Et,
559 908 651 936 postea,
663 906 705 929 illa
722 906 806 936 placea
824 908 897 934 terre,
917 913 974 929 eum
992 905 1163 929 Advocacione

105 939 223 968 predicta,
247 938 273 962 iu
296 938 385 962 seisina
408 938 485 969 ipsius
506 938 610 962 XValteri
630 939 661 961 de
687 938 822 969 Cantilupo
846 938 976 966 existente,
1001 946 1044 968 per
1067 938 1163 961 donum

106 971 211 1001 predicti
232 971 362 1000 Johanuis,
375 971 442 995 idem
460 971 587 995 Johannes
603 971 628 994 in
645 971 753 994 crastino
771 971 911 1001 Epiphania
928 970 1030 994 Domini
1046 970 1070 1000 [7
1085 970 1163 1000 Jau.],

106 1003 180 1027 Anno
204 1004 274 1035 regni
297 1004 371 1034 Regis
394 1012 461 1027 nunc
484 1004 519 1034 xj,
543 1012 586 1034 per
610 1004 737 1034 Scriptum
760 1011 836 1027 suum
858 1003 962 1032 remisit,
986 1003 1113 1032 concessit,
1139 1005 1165 1026 et

106 1036 207 1060 omnino
225 1036 337 1067 quietam
355 1036 472 1060 clamavit
488 1036 555 1059 dicto
574 1036 683 1059 Waltero
702 1037 733 1059 de
752 1036 886 1066 Cantilupo
901 1036 1038 1066 predictam
1055 1035 1164 1066 placeam

106 1070 179 1098 terre,
197 1069 272 1092 simul
285 1077 342 1092 cum
359 1068 530 1092 Advocacione
552 1069 659 1092 Ecclesie
674 1068 792 1099 predicte,
806 1071 831 1092 et
843 1069 962 1099 obligavit
977 1076 1003 1091 se
1019 1071 1044 1091 et
1062 1068 1165 1093 heredes

109 1109 167 1125 suos
179 1102 210 1125 ad
222 1101 447 1125 warrantizandum
460 1101 541 1125 eidem
553 1101 662 1124 XValtero
675 1104 701 1124 et
710 1101 843 1125 heredibus
855 1101 913 1130 suis,
927 1103 952 1124 et
964 1100 1015 1124 suis
1027 1100 1164 1131 assignatis,

107 1134 244 1164 predictam
261 1134 371 1165 placeam
388 1136 461 1164 terre,
481 1133 556 1157 simul
573 1142 632 1157 cum
649 1134 820 1157 Advocacione
837 1134 956 1164 predicta,
977 1136 1062 1157 contra
1080 1141 1166 1156 omnes

107 1167 231 1195 mortales,
250 1167 512 1198 inperpetuum—Et,
532 1169 625 1197 postea,
644 1167 684 1189 die
708 1167 795 1190 Martis
815 1167 841 1189 in
865 1166 973 1189 crastino
994 1166 1062 1189 Festi
1080 1166 1166 1189 Sancti

107 1199 239 1229 Ambrosii,
252 1200 326 1223 Anno
345 1199 414 1230 regni
431 1199 504 1230 Regis
520 1207 588 1222 nunc
603 1198 659 1230 xvj0
678 1199 702 1229 [5
722 1199 800 1230 April,
814 1199 895 1228 1323]‚
911 1199 978 1222 idem
991 1198 1117 1222 walterus
1134 1199 1166 1221 de

110 1232 243 1263 Cantilupo
251 1240 295 1263 per
308 1232 409 1256 Cartam
421 1240 492 1255 suam
504 1232 581 1260 dedit,
592 1231 721 1261 concessit,
730 1235 755 1255 et
767 1231 923 1255 confirmavit
935 1231 1046 1262 predicto
1055 1231 1166 1255 WValtero

108 1265 139 1288 de
154 1265 304 1295 Stapeldone
320 1265 458 1295 predictam
480 1265 590 1295 placeam
609 1267 674 1287 terre
694 1264 720 1287 in
737 1264 907 1295 Snytenfelde,
926 1267 952 1287 et
968 1264 1166 1287 Advocaciouem

109 1297 217 1321 Ecclesie
233 1297 350 1328 predicte,
368 1297 494 1320 habendas
515 1299 540 1320 et
559 1297 679 1320 tenendas
695 1297 776 1320 eidem
792 1297 902 1320 Waltero
920 1297 950 1320 de
969 1296 1119 1327 Stapeldone
1140 1298 1166 1319 et

109 1329 242 1353 heredibus
254 1330 312 1360 suis,
325 1332 351 1353 et
366 1330 418 1353 suis
435 1330 573 1359 assignatis,
586 1330 770 1360 inperpetuum.
807 1330 841 1353 Et
856 1329 976 1359 obligavit
988 1337 1013 1352 se
1025 1332 1051 1352 et
1063 1329 1166 1352 heredes

110 1370 168 1386 suos
183 1363 215 1386 ad
231 1363 464 1392 warrantizandum,
477 1365 522 1386 ete.
558 1363 660 1391 Dicunt,
677 1362 761 1390 eciam,
775 1363 843 1392 quod
855 1362 966 1392 predicta
979 1361 1088 1385 Ecclesia
1100 1361 1167 1385 valet

109 1403 154 1425 per
165 1403 260 1418 annum
275 1395 440 1426 quadraginta
458 1395 691 1418 marcas—Idcirco
708 1395 892 1418 consideratum
904 1397 943 1418 est
958 1394 1026 1425 quod
1038 1394 1166 1425 predictus

110 1427 236 1451 Walterus
256 1428 287 1451 de
307 1428 458 1458 Stapeldone
478 1430 608 1458 recuperet
624 1427 839 1451 Presentacionem
854 1435 925 1450 suam
941 1435 1027 1451 versus
1042 1427 1167 1458 predictos

109 1460 231 1484 Thomam
245 1462 272 1484 et
286 1460 436 1484 Alianoram.
472 1460 506 1483 Et
523 1460 614 1484 habeat
631 1460 709 1483 Breve
721 1460 843 1491 Episcopo
861 1459 1035 1491 Wygorniensi
1051 1459 1119 1490 quod
1135 1460 1167 1482 ad

109 1493 320 1523 presentacionem
343 1493 421 1524 ipsius
446 1493 549 1516 Walteri
572 1493 602 1516 de
626 1492 784 1523 Stapeldone,
808 1493 840 1516 ad
865 1492 1003 1523 predictam
1032 1492 1168 1515 Ecclesiam

109 1526 233 1556 ydoneam
245 1526 380 1549 Personam
392 1525 518 1549 admittat.
554 1526 588 1549 Et
599 1525 707 1549 Thomas
719 1528 746 1549 et
757 1525 874 1549 Alianora
885 1525 911 1548 in
923 1525 1097 1548 misericordia.
1133 1525 1168 1548 Et

112 1566 186 1588 super
206 1558 252 1582 hoe
269 1558 336 1582 idem
354 1558 480 1582 Walterus
498 1558 529 1581 de
553 1558 699 1589 Stapildone
716 1558 767 1588 (sic)
785 1558 862 1589 grat-is
882 1558 992 1582 remittit
1009 1557 1031 1582 ei
1051 1558 1166 1589 dampna,

112 1590 279 1616 etc.-Pasch.
293 1591 350 1615 Rot.
364 1590 518 1616 ecia—ibid.
