1328 2295
39 1017 152 1042 pendet--

40 1051 79 1072 f01.
86 1044 131 1072 25¹³-

346 176 527 203 GENERAL
554 175 898 202 INDEX—BOSHAM.
1158 169 1203 202 55

137 254 167 276 ut
179 261 261 284 supra,
273 256 440 284 comparente,
452 253 520 277 idem
538 254 687 277 Procurator
702 253 764 277 dicit
781 261 807 277 se
823 253 859 277 nil
876 252 939 277 velle
957 253 1063 277 ulterius
1081 253 1205 277 exhibere·

138 286 211 309 Unde
224 286 336 317 preclusa
348 289 385 310 est
401 287 449 309 sibi
465 287 504 310 via
519 286 625 310 ulterius
642 286 777 309 exhibendi
793 288 819 309 et
836 286 992 316 proponendi
1007 294 1051 316 per
1067 287 1203 315 decretum¹

136 320 162 341 et
174 319 248 342 datus
261 321 300 342 est
311 319 358 342 sibi
371 319 423 342 dies
434 320 504 342 Lune
516 319 628 349 proximo
641 327 747 349 sequens
759 319 791 342 ad
803 319 957 342 audiendum
967 319 1204 342 Prouunciacionem

135 351 161 374 iu
175 351 274 382 Capella
286 352 418 375 antedicta.
452 352 549 380 Quibus
562 352 602 375 die
614 354 640 375 et
652 352 712 381 loce,
724 351 790 375 dicto
804 351 937 382 Radulpho
955 359 998 381 per
1014 352 1204 375 Procuratorem

135 391 211 407 suum
227 392 309 407 coram
327 384 401 408 dictis
420 385 608 414 Commissariis,
626 387 656 407 ut
673 392 755 415 supra,
772 387 939 414 comparente,
956 384 1018 407 dicti
1036 384 1204 408 Commissarii

136 416 230 439 dictam
253 417 490 440 Pronunciacionem
514 417 688 440 distulerunt:
706 417 774 440 unde
792 417 886 447 pendet
910 417 1094 440 Pronunciaeio.
1132 416 1204 447 [This

138 448 219 479 Entry
237 449 257 472 is
279 450 352 479 given
373 450 398 473 in
416 449 474 473 full:
492 450 517 472 in
536 450 577 472 the
600 450 756 480 subsequent
776 449 876 473 Entries
897 449 941 472 the
958 449 1074 473 essential
1091 449 1204 480 portions

136 481 194 512 only
207 490 248 505 are
259 482 339 512 given,
352 485 379 505 to
391 482 463 506 avoid
475 481 627 513 repetition}

172 523 308 548 Commissio
318 534 358 548 :—

155 573 161 580 .
180 556 220 579 Ad
232 557 431 587 cognoscendum
443 565 518 587 super
532 556 678 580 criminibus
691 559 717 580 et
731 556 872 580 excessibus
885 556 1045 580 subditorum
1059 558 1203 580 nostrorum

138 588 225 612 Libere
244 589 342 620 Capelle
357 592 440 613 nostre
459 590 489 613 de
508 590 637 617 Boseham,
659 589 685 612 in
703 589 853 613 Visitacione
871 591 956 612 nostra
973 597 1054 620 nuper
1069 589 1094 612 in
1116 589 1202 613 eadem

136 621 204 645 facta
223 622 334 652 repertis,
355 630 451 645 necnon
470 623 536 646 dicta
556 622 660 645 crimina
679 624 705 645 et
724 630 838 645 excessus
862 621 1007 652 corrigendi,
1028 621 1155 652 puniendi,
1177 625 1203 645 et

137 661 212 684 super
231 655 324 678 eisdem
344 655 451 678 faciendi
471 658 496 678 et
515 655 644 678 statuendi
665 662 714 685 que
735 657 820 678 nostro
840 654 993 678 incumbunt
1013 654 1105 684 Officio,
1125 657 1151 678 et
1170 654 1202 678 ad

136 686 279 711 faciendum
296 690 323 711 et
342 688 522 711 excercendum
540 688 623 710 omnia
645 690 671 710 et
694 687 792 718 singula
814 687 953 718 pledictam
975 687 1154 711 Visitacionem
1177 689 1203 710 et

136 727 252 749 personas
270 720 382 743 visitatas
402 720 619 751 qualitercumque
640 719 818 750 contingenda
840 720 957 750 quociens
976 727 1021 743 nos
1039 720 1202 750 personaliter

137 751 222 776 abesse
239 753 379 783 contigerit,
392 754 457 776 vices
475 755 572 776 nostras
588 753 657 776 vobis
678 753 845 776 communiter
861 754 887 775 et
902 752 1003 776 divisim
1020 752 1204 776 committimus

136 802 141 808 .
162 802 167 808 .
188 803 193 808 .
213 785 308 809 Datum
324 786 391 815 apud
405 786 577 814 Chuddeham,
592 793 657 808 nono
675 785 715 808 die
733 785 853 814 Januarii,
866 785 939 808 Anno
956 785 1058 809 Domini
1070 785 1203 809 Millesimo

140 816 237 841 CCCmo
251 826 316 841 nono
329 817 465 848 [1309-1o].
502 817 593 849 {There
606 818 626 841 is
638 818 743 841 another
755 826 817 849 copy
830 826 861 841 on
875 818 915 841 fol.
931 818 979 847 46].

136 850 289 880 —Magister
300 851 443 881 Stephanus
456 851 487 874 de
501 851 666 879 Ohesthunte‚
682 851 828 879 Cauonicus,
842 853 896 879 etc„
910 850 1049 881 comparuit
1058 858 1102 881 per
1114 850 1203 881 Magis-

138 884 208 906 trum
220 883 373 907 Willelmum
386 884 417 906 de
429 883 453 906 111
466 884 539 912 Lane,
553 884 583 906 de
602 883 800 914 Fyssyngborne,
814 883 939 910 clericum,
960 901 965 907 .
1032 883 1077 914 qui
1089 883 1205 907 exhibuit

139 915 305 939 Collacionem
327 919 353 939 et
376 916 554 939 Induccionem
577 916 624 939 sub
647 916 726 945 sigillo
750 916 813 939 bone
839 916 958 939 memorie
982 902 1085 939 Domini
1108 916 1203 940 Thome

137 947 276 978 {Byttone],
294 956 374 979 nuper
398 948 545 972 Exonieusis
566 949 688 979 Episcopi,
709 956 817 979 quarum
840 948 909 979 copia
927 950 1032 977 retenta,
1052 951 1077 972 et
1100 949 1205 979 probata

135 980 286 1004 Induccione
298 989 341 1012 per
353 981 415 1004 duos
433 984 510 1004 testes
528 981 586 1004 alias
604 989 647 1011 per
665 981 800 1004 Sacri-stam
817 999 822 1004 .
841 999 846 1004 .
866 981 1050 1010 .ἕ110111,(1111113
1062 983 1100 1005 est
1112 981 1141 1011 ei,
1154 983 1201 1005 etc.

222 1014 333 1044 preclusa
346 1016 384 1037 cst
396 1014 418 1037 ei
430 1014 469 1037 via
482 1014 587 1037 1111011115
600 1014 741 1040 exhibendi,
750 1016 795 1037 etc.
799 1014 869 1042 —(ut
880 1014 973 1044 supra).

150 1031 307 1070 —Dominus
323 1047 450 1070 Johannes
468 1047 499 1069 de
516 1047 599 1069 Lewes
623 1065 627 1070 .
646 1063 650 1068 .
670 1064 674 1070 .
694 1046 834 1076 compaiuit
849 1054 891 1076 per
910 1046 1048 1070 Dominum
1060 1046 1203 1070 Johannem

138 1078 170 1102 de
177 1078 259 1109 Virga,
269 1079 444 1109 presbiterum,
465 1097 469 1102 .
491 1097 495 1102 .
515 1097 520 1102 .
539 1079 583 1109 qui
595 1079 710 1102 exhibuit
723 1079 818 1102 Literas
831 1079 933 1102 Domini
943 1079 1068 1108 Willelmi,
1077 1080 1205 1109 quondam

138 1111 231 1134 Decani
248 1112 355 1135 Ecclesie
374 1112 541 1140 Cicestrensis,
557 1111 703 1135 Executoris
719 1111 822 1134 Domini
842 1111 888 1140 sui,
901 1119 915 1134 a
931 1112 994 1134 Sede
1012 1112 1163 1142 Apostolica,
1174 1114 1204 1135 ut

44 1150 126 1175 pendet,
141 1144 303 1173 asserebatur,
314 1144 436 1175 deputati,
445 1152 519 1175 super
528 1144 673 1173 Collacionc,
683 1146 728 1167 etc.
743 1144 802 1173 (and
811 1152 837 1167 so
846 1152 884 1173 on,
894 1144 921 1167 in
929 1144 1068 1173 substance,
1076 1145 1203 1174 utsupra).

42 1314 128 1339 pendet.

44 1672 132 1697 pendet.

44 1783 82 1804 1⁸01.
94 1785 123 1804 26.

140 1177 297 1200 —Dominus
310 1178 436 1200 Amaneus
449 1177 479 1199 de
490 1177 609 1207 Pelagrua
626 1195 630 1200 .
648 1195 653 1200 .
671 1195 675 1200 .
692 1177 832 1206 comparuit
844 1185 903 1207 per.
918 1195 922 1200 .
937 1195 941 1200 .
956 1177 1090 1200 sacristam
1103 1177 1204 1206 ibidem,

139 1209 309 1233 substitutum
321 1209 434 1240 Magistri
446 1209 565 1232 Willelmi
578 1210 608 1232 de
621 1209 702 1232 Tosta.
740 1209 786 1232 His
801 1210 892 1239 Papers
904 1217 967 1232 were
980 1212 1025 1232 not
1037 1210 1202 1240 satisfactory,

140 1242 189 1265 and
202 1242 233 1265 he
245 1250 294 1265 was
307 1243 411 1265 ordered
428 1244 454 1265 to
471 1250 561 1272 appear
579 1242 661 1265 before
677 1242 720 1265 the
737 1242 830 1272 Bishop
846 1241 872 1265 in
889 1242 981 1265 Exeter
1000 1242 1141 1271 Cathedral,
1154 1242 1205 1266 and

139 1275 197 1298 take
218 1275 261 1298 the
281 1275 340 1316 oath
358 1275 384 1298 of
404 1275 551 1304 Obedienee,
572 1274 710 1305 “proximo
730 1274 770 1297 die
790 1274 903 1298 ‹Juridico
922 1276 979 1305 post
996 1274 1104 1298 mediam
1122 1275 1204 1304 Quad-

142 1315 169 1331 ra
186 1308 303 1331 eslmam.y

141 1315 297 1364 —ffiominus
310 1340 430 1364 Ricardus
442 1340 464 1363 le
476 1340 546 1363 Brun
563 1359 567 1364 .
583 1357 588 1364 .
604 1358 609 1363 .
622 1340 762 1370 comparuit
774 1347 817 1370 per
829 1339 951 1363 Thomam
963 1340 994 1363 de
1003 1339 1147 1369 Arundelle,
1162 1357 1166 1362 .
1179 1358 1184 1364 .
1199 1358 1204 1364 .

140 1373 184 1404 qui
203 1373 331 1396 fatebatur
351 1373 448 1396 dictum
468 1373 605 1396 Dominum
627 1380 701 1396 suum
722 1373 805 1401 fuisse,
824 1375 849 1395 01
868 1380 927 1401 esse,
946 1372 972 1395 in
991 1373 1104 1403 partibus
1124 1375 1204 1396 trans-

139 1406 247 1434 marinis,
256 1408 282 1429 et
293 1406 393 1434 ibidem,
405 1405 517 1428 Licencia
529 1424 533 1429 .
553 1424 557 1429 .
577 1424 582 1429 .
601 1413 651 1428 non
665 1405 742 1435 petita
755 1405 794 1428 vel
804 1407 914 1435 optenta,
925 1413 1020 1428 moram
1032 1405 1131 1429 trahere
1149 1424 1154 1429 .
1173 1424 1177 1429 .
1197 1424 1202 1429 .

139 1438 276 1469 Episcopus
299 1438 425 1468 prefatum
449 1438 584 1461 Ricardum
607 1438 706 1468 pup1ico
730 1438 820 1461 Edicto
845 1438 945 1461 monuit
968 1440 993 1461 et
1016 1438 1205 1462 citavit—This

139 1471 283 1494 Document
294 1473 344 1494 sets
357 1471 425 1494 forth
437 1471 493 1493 that
506 1471 549 1494 the
563 1471 647 1494 Canon
667 1471 679 1481 “
691 1470 785 1493 nedum
797 1470 828 1493 ab
840 1470 899 1500 ipsis
918 1470 1018 1501 Capella
1035 1473 1061 1493 et
1073 1470 1204 1500 Beneficio,

140 1506 179 1527 set
190 1503 267 1527 eciam
280 1512 293 1526 a
306 1504 391 1534 Regno
403 1503 492 1534 Anglie
504 1511 529 1526 sc
542 1503 693 1526 transferens
705 1503 737 1526 ad
749 1503 802 1526 loca
814 1503 930 1526 transivit
942 1503 1034 1533 ignota,
1044 1503 1156 1527 Licencia
1174 1521 1179 1527 .
1198 1521 1204 1527 .

140 1544 191 1559 non
203 1536 330 1566 optenta‚''
343 1536 400 1564 and,
410 1536 572 1566 accordingly,
586 1536 617 1559 he
630 1544 678 1558 was
690 1535 854 1558 admonished
865 1538 892 1559 to
905 1538 992 1559 return
1004 1536 1058 1559 into
1068 1536 1204 1564 residence,

141 1571 185 1592 not
204 1568 268 1592 later
290 1568 352 1592 than
376 1568 535 1591 Michaelmas
558 1568 741 1598 following‚—“
754 1568 862 1597 alioquin
886 1569 953 1598 quod
974 1571 1058 1591 nostro
1082 1568 1206 1592 incumbit

143 1601 228 1625 Officio
241 1604 334 1624 extunc
347 1609 421 1631 super
433 1601 479 1624 hoc
491 1599 637 1624 faciemus*
672 1601 719 1623 His
732 1601 841 1629 Proetor,
852 1601 948 1632 Family
960 1601 1009 1624 and
1026 1600 1131 1625 Friends
1143 1609 1205 1624 were

141 1636 167 1657 to
179 1642 219 1657 see
231 1636 258 1657 to
270 1634 321 1657 this
333 1634 480 1662 metten—‘¹
492 1636 517 1656 ct
529 1633 563 1656 sic
577 1633 670 1663 pendet
682 1633 883 1656 Pronunciatio.''

149 1666 305 1689 —Dominus
317 1666 442 1689 NValterus
454 1666 485 1689 de
497 1666 589 1689 Welxve
603 1685 606 1689 .
620 1684 625 1689 .
640 1684 644 1689 .
659 1666 798 1696 comparuit
810 1666 972 1696 personaliter
990 1684 995 1690 .
1018 1684 1023 1690 .
1044 1684 1049 1689 .
1069 1665 1203 1697 (utsupra)

143 1699 245 1723 “dicens
254 1699 353 1729 seplura
365 1706 415 1722 nou
424 1699 486 1722 velle
496 1698 623 1722 exhibere:
636 1699 703 1722 unde
713 1698 825 1729 preclusa
834 1701 872 1722 est
879 1699 926 1722 sibi
936 1699 982 1729 via,
991 1699 1054 1723 etc.'’
1062 1699 1100 1729 (ut
1109 1699 1203 1729 supra).

179 1744 311 1773 Vicani,—

146 1776 269 1800 Dominus
282 1776 422 1800 willelmus
440 1777 470 1800 de
487 1777 522 1800 La
539 1776 609 1805 Hale,
622 1776 734 1799 Vicarius
747 1776 860 1807 Magistri
868 1776 989 1807 Stephani
1006 1777 1037 1800 de
1049 1777 1203 1806 Cheshunte,

142 1809 281 1840 c'omparuit
292 1809 453 1840 personaliter
466 1817 471 1837 3
489 1812 522 1838 et,
536 1809 672 1839 requisitus
690 1809 710 1832 si
726 1809 846 1833 hactenus
863 1809 1036 1840 juramentum
1054 1809 1204 1833 Obedieucie

166 1860 171 1866 .
190 1859 195 1866 .
215 1842 349 1865 Exoniensi
368 1842 490 1872 Episcopo
512 1841 669 1872 prestitisset,
687 1841 749 1865 dicit
766 1842 833 1872 quod
851 1850 919 1871 non3
938 1844 964 1865 et
981 1842 1092 1865 monitus
1109 1842 1203 1865 ibidem

140 1874 312 1905 juramentum
325 1876 441 1905 prestare,
451 1874 574 1897 recusavit
585 1874 692 1897 omnino.
719 1875 863 1904 Fatebatur,
875 1877 968 1903 tamen,
978 1875 1075 1898 dictum
1087 1893 1091 1898 .
1107 1893 1112 1898 .
1126 1893 1131 1897 .
1146 1874 1204 1905 Epi-

141 1915 244 1937 scopum
258 1907 417 1931 Ordinurium
429 1915 481 1930 esse
496 1907 552 1930 Loci
570 1907 691 1937 ejusdem,
704 1908 785 1936 quoad
797 1907 915 1936 Chorum,
928 1909 954 1930 et
965 1907 1048 1937 ipsum
1061 1907 1202 1930 ministrare

141 1939 167 1963 in
184 1940 277 1963 eodem.
313 1940 348 1962 Et
365 1939 440 1962 habet
457 1939 524 1962 diem
541 1957 546 1962 .
565 1957 570 1962 .
590 1957 594 1962 .
624 1940 662 1962 He
680 1940 801 1969 appeared
819 1940 844 1962 in
863 1940 912 1963 due
929 1948 1022 1967 course,
1036 1940 1083 1963 but
1100 1939 1153 1962 said
1170 1939 1202 1962 he

142 1972 214 1995 could
226 1972 282 2002 give
294 1980 326 1995 no
337 1980 425 1995 reason
437 1972 475 1995 for
492 1972 531 1995 his
549 1972 639 1995 refusal
653 1980 658 1999 ;
676 1972 775 2002 adding,
789 1972 909 2001 however,
922 1972 978 1995 that
995 1972 1025 1995 he
1042 1972 1153 1995 received
1171 1979 1203 1995 no

142 2012 190 2035 pay
201 2005 240 2028 for
252 2004 290 2027 his
299 2004 409 2028 services.
445 2005 493 2027 For
506 2004 544 2027 his
556 2007 704 2034 contumacy
717 2005 765 2027 and
778 2005 895 2027 manifest
907 2004 1085 2033 disobedience,
1096 2004 1134 2027 his
1146 2012 1202 2034 pay,

142 2037 162 2060 if
178 2037 200 2060 it
216 2037 307 2060 should
324 2039 384 2060 turn
402 2039 447 2060 out
464 2036 521 2060 that
538 2037 569 2059 he
586 2036 635 2060 had
653 2045 709 2067 any,
731 2045 780 2060 was
800 2038 977 2067 sequestrated.
1014 2037 1053 2060 He
1070 2037 1203 2060 afterwads

144 2069 292 2098 submitted,
306 2070 355 2092 and
368 2069 411 2092 the
424 2069 611 2099 Sequestration
624 2077 674 2092 was
687 2069 763 2092 taken
775 2070 814 2098 off,
835 2072 850 2082 “
860 2077 903 2099 pro
916 2069 1095 2099 beneplacito.''

144 2101 300 2125 —Dominus
310 2102 452 2132 Stephanus
461 2102 492 2125 de
500 2101 765 2129 Midhurste‚Vicarius
775 2101 876 2125 Domini
884 2101 1010 2132 Radulphi
1019 2102 1050 2125 de
1060 2101 1203 2132 Hyngham‚

141 2134 281 2165 comparuit
298 2135 476 2164 personaliter;
495 2136 528 2163 et,
548 2134 684 2164 requisitus
702 2134 740 2164 (ut
757 2136 842 2164 supra)
860 2152 865 2158 .
885 2152 890 2157 .
915 2151 921 2159 .
940 2134 1035 2157 fatetur
1055 2136 1081 2158 et
1098 2136 1201 2157 recusat.

144 2167 183 2191 He
194 2166 268 2190 could
280 2167 335 2198 give
347 2175 379 2190 no
390 2167 512 2198 adequate
525 2173 621 2196 excuse,
634 2167 683 2190 and
695 2174 745 2190 was
757 2167 824 2190 dealt
836 2166 898 2191 with
909 2167 935 2190 in
948 2167 991 2190 the
1003 2174 1070 2190 same
1082 2174 1142 2197 way.
