1328 2295
81 175 126 211 58
284 185 360 214 THE
385 186 576 215 nncis'rnss
601 186 647 214 oF
671 186 814 215 BISHOP
840 186 1070 215 sTAPELnoN.

177 264 289 296 rigendis
305 269 511 297 manuceperunt,
525 269 551 290 et
562 274 595 295 se,
608 267 692 297 quoad
707 266 760 296 hoc,
773 267 790 291 J
792 266 950 290 urisdiceioni
967 265 1085 297 Episcopi
1100 265 1249 290 Exoniensis

177 298 355 322 submiserunt.
392 300 440 323 Pro
452 300 574 330 porcione,
587 308 652 329 vere,
665 300 763 323 dictum
776 299 914 323 Dominum
930 307 1006 323 suum
1021 307 1096 330 super
1108 298 1248 322 defectibus

177 330 204 353 in
214 331 376 355 Ornamentis
388 332 466 363 ipsius
480 333 579 363 Capella
591 332 760 363 contingente,
772 335 798 356 et
810 332 1036 363 eondempnacione
1045 339 1108 362 pene
1118 331 1248 355 commisse

176 363 236 387 alias
249 372 292 394 per
304 365 443 388 Dominum
456 365 585 394 Thomam,
599 365 767 388 Exoniensem
786 365 944 396 Episcopum,
958 365 1084 388 occasione
1100 364 1248 395 hujusmodi

176 396 323 420 defectuum
339 397 464 428 imposite,
481 398 597 428 promisit
615 406 640 421 se
659 398 721 421 velle
736 405 767 421 cx
783 398 875 421 solidos
892 400 1024 421 numerate
1042 397 1160 428 peccunie
1172 404 1247 427 penes

175 428 273 453 dictum
297 430 445 460 Walterum,
474 431 609 454 sacristam
638 431 704 460 Loci,
733 431 796 454 citra.
824 431 929 454 Festum
957 430 1142 454 Purificacionis
1170 430 1247 453 Beate

175 461 285 492 Virginis
302 463 416 493 proximo
434 463 560 492 futurum,
577 463 625 486 sub
641 463 721 494 sigillo
738 471 783 487 suo
801 464 942 494 deponere;
960 463 997 486 ita
1013 465 1051 493 ut,
1069 463 1090 486 si
1112 462 1245 493 condemp-

176 494 246 518 nacio
259 503 321 525 pene
334 496 465 519 commisse
477 498 503 519 et
519 496 633 520 deiectus
650 496 863 520 Ornamentorum
879 495 985 527 predicti
997 504 1042 526 pro
1053 498 1108 519 rata
1119 495 1246 519 Porcionis

176 527 237 550 dicti
254 527 357 551 Domini
372 528 495 552 ‚Iohannis
512 529 538 552 in
556 531 658 552 tantum
673 537 699 552 se
715 530 888 557 extenderent,
903 529 971 559 quod
988 528 1043 559 ipsa
1056 527 1175 559 peccunia
1192 530 1246 551 tota

176 563 316 584 moraretur
327 561 420 584 ibidem
430 569 473 591 pro
483 561 623 585 defectibus
632 564 658 584 et
669 569 733 592 pena
742 561 885 592 supradicta
894 561 919 584 in
929 561 1069 584 utilitatem
1079 560 1179 591 Capelle
1188 568 1244 584 con-

176 593 311 621 vertenda;
330 593 448 624 alioquin,
461 594 482 617 si
495 595 526 617 ad
539 594 623 618 minus
638 602 664 617 se
681 595 853 623 extenderent,
866 594 996 617 residuum
1009 594 1078 624 quod
1091 593 1246 624 contingeret

175 633 303 655 superesse
320 627 490 650 retraderetur
516 627 616 655 eidem;
641 630 729 657 petens
746 627 830 657 ipsum
848 635 891 657 per
909 626 990 650 dictos
1008 626 1203 656 Commissarios,
1220 628 1246 650 et

173 657 200 681 in
213 658 259 682 hoc
273 666 299 682 se
317 659 333 682 J
336 659 495 682 urisdiccioni
508 660 609 683 Domini
621 660 769 683 Exoniensis
786 659 904 690 Episcopi
925 659 1051 682 subiciens
1069 667 1114 690 per
1131 659 1246 690 Precepti

175 690 334 715 Sentenciam
361 692 546 723 condempnari.
589 693 644 721 Quo
671 693 745 721 facto,
769 692 846 716 iidem
871 692 1048 721 Commissarii,
1071 691 1192 722 requisito
1220 691 1246 715 in

173 724 300 753 premissis
318 732 439 748 consensu
458 725 661 755 supradictorum
679 726 873 749 Procuratorurn
894 724 1077 749 Canonicorum
1093 724 1244 754 absencium,

174 758 200 779 et
211 756 271 787 ipsis
283 757 315 780 ad
327 757 373 781 hoc
385 758 608 787 consencientibus,
618 760 644 781 et
653 758 795 781 dicentibus
803 760 901 781 tantam
914 757 1059 788 peccuniam
1072 765 1116 788 pro
1129 757 1244 788 porcione

174 788 236 812 dicti
250 790 352 813 Domini
368 790 491 814 Johannis
510 791 630 819 sufficere,
644 793 670 814 et
686 791 833 821 petentibus
849 790 912 814 illud
930 790 1004 820 idem,
1018 790 1146 821 prefatum
1161 789 1245 813 Eliam

173 822 206 845 ad
217 822 337 852 premissa
349 823 433 846 omnia
445 826 471 847 et
482 823 588 854 singula,
602 826 628 847 et
643 824 669 846 in
686 823 803 846 omnibus
816 825 842 846 et
854 823 966 853 singulis,
979 825 1010 846 ut
1022 822 1186 853 premittitur,
1200 830 1245 853 per

174 854 289 886 Precepti
307 856 466 879 Sentenciam
483 857 709 886 condempnarunt,
720 859 746 879 et
763 858 930 887 sequestrum,
941 858 972 879 ut
989 855 1154 886 premittitur,
1166 855 1243 879 inter-

173 887 285 918 positum
302 888 328 912 in
345 889 471 912 fructibus
490 889 618 912 Prebende
636 889 755 919 predicte,
773 889 799 912 in
823 889 940 912 omnibus
958 891 1030 912 extra
1053 888 1188 912 valeuciam
1212 896 1243 912 cx

172 920 310 944 solidorum
322 922 502 951 predictorum,
514 922 665 945 relaxarunt.

484 988 632 1012 Osnmacm
650 994 683 1011 DE
701 988 835 1011 BOSEHAM.

137 1027 270 1058 walterus,
283 1028 445 1059 permissione
463 1029 555 1052 Divina
572 1031 627 1058 etc,
641 1029 758 1060 Capitulo
775 1029 863 1052 Libere
882 1028 981 1059 Capelle
995 1029 1026 1052 de
1041 1029 1171 1058 Boseham,
1187 1031 1242 1056 etc.,

172 1078 177 1083 .
203 1079 208 1084 .
234 1079 239 1085 .
263 1079 268 1085 .
293 1062 409 1091 salutem,
430 1062 610 1085 etc.—Literas
632 1062 697 1085 bone
720 1062 839 1085 memorie
863 1061 965 1085 Domini
988 1061 1091 1090 Thome,
1112 1062 1241 1093 quondam

173 1093 321 1118 Exoniensis
334 1094 457 1125 Episcopi,
479 1113 483 1118 .
500 1113 505 1118 .
526 1113 530 1118 .
549 1095 659 1125 integras
675 1097 702 1118 et
719 1095 809 1124 illesas,
822 1096 848 1117 et
861 1094 886 1117 in
905 1094 975 1117 nulla
992 1094 1032 1118 sui
1047 1097 1117 1125 parte
1131 1094 1239 1124 viciatas,

170 1134 228 1149 vero
240 1126 317 1157 ipsius
327 1127 407 1157 sigillo
420 1127 536 1158 signatas,
545 1127 708 1158 inspeximus,
718 1127 743 1150 in
756 1127 802 1150 hec
812 1127 1046 1156 verbm—Thomas,
1058 1129 1111 1156 etc,
1123 1127 1241 1158 Capitulo

170 1159 280 1183 Ecclesie
289 1160 423 1190 Collegiate
433 1161 463 1183 de
474 1160 724 1189 Boseharn,salutcm,
731 1162 777 1183 etc.
799 1160 882 1183 Pridie
890 1160 921 1183 ad
931 1160 1066 1183 Ecclesiam
1076 1160 1107 1183 de
1116 1160 1240 1184 Boseham

170 1192 309 1222 predictam
323 1193 486 1223 personaliter
501 1193 653 1223 accedentes,
666 1193 714 1216 sub
728 1193 818 1223 quinto
835 1192 960 1216 Kalendas
975 1192 1084 1223 Augusti
1103 1192 1144 1222 [28
1158 1193 1239 1223 JulyJ,

171 1225 245 1248 Anno
259 1225 361 1249 Domini
374 1226 412 1248 Μθ
425 1226 466 1249 OC
482 1226 643 1256 nonogesimo
661 1228 759 1256 quarto,
771 1228 804 1254 et,
817 1227 892 1256 prout
909 1225 1001 1248 nostris
1017 1225 1127 1249 humeris
1143 1225 1238 1249 incum-

170 1257 252 1287 bebat,
274 1258 359 1282 debite
383 1258 540 1282 Visitacionis
565 1258 681 1282 Officium
704 1261 861 1281 excercentes
884 1258 985 1288 ibidem,
1003 1260 1056 1282 tam
1079 1258 1105 1281 in
1128 1258 1239 1288 personis

169 1291 371 1314 ministranciurn
382 1291 409 1314 in
421 1291 488 1314 dicta
506 1291 615 1314 Ecclesia
632 1299 708 1321 quam
727 1291 801 1314 rebus
817 1290 990 1321 spectantibus
1004 1291 1036 1314 ad
1052 1291 1164 1320 eandem,
1177 1299 1238 1314 non-

169 1324 239 1347 nulla
255 1323 398 1347 invenimus
416 1324 489 1347 celeri
506 1324 658 1347 correccione
679 1324 802 1354 condigna
813 1331 819 1352 ;
849 1331 901 1353 nos,
924 1323 1009 1354 igitur,
1033 1323 1097 1347 circa
1118 1323 1238 1347 reforma-

170 1356 267 1380 cionem
296 1364 382 1380 eorum
405 1364 434 1380 eo
462 1357 584 1380 libencius
608 1357 760 1380 desudantes
784 1364 834 1387 quo
857 1356 935 1386 magis
959 1364 989 1379 ex
1012 1364 1040 1379 eo
1064 1356 1132 1387 quod
1155 1356 1239 1387 agitur

170 1396 298 1419 speramus
319 1389 408 1413 mereri
430 1389 455 1412 in
475 1389 583 1412 Domino
600 1392 626 1412 et
646 1397 722 1419 penas
741 1397 785 1420 pro
806 1389 898 1419 quibus
916 1389 1030 1412 Prelatus
1053 1389 1195 1420 necgligens
1213 1397 1239 1413 se

106 1420 140 1451 (l)
167 1421 273 1452 dignum
287 1422 364 1445 efficit
377 1422 496 1451 devitare,
510 1422 557 1445 sub
575 1422 661 1445 Divini
670 1422 833 1445 attestacione
849 1421 937 1452 judicii
951 1421 1109 1452 injungimus
1126 1424 1153 1445 et
1169 1430 1238 1446 man-

169 1454 258 1478 damus
268 1457 298 1478 ut
306 1455 404 1484 Vicarii,
413 1455 504 1478 Divino
515 1454 640 1485 Obsequio
650 1454 781 1483 intitulati,
792 1455 880 1477 amodo
891 1454 966 1477 modo
978 1454 1063 1477 debito
1075 1454 1239 1485 frequentent

169 1487 306 1511 Ecclesiam
326 1487 504 1518 supradictam,
526 1487 646 1511 distincte
666 1490 692 1510 et
710 1490 802 1518 aperte,
819 1487 913 1517 absque
934 1487 1003 1510 omni
1022 1487 1193 1517 sincopacione
1211 1490 1238 1511 et

168 1520 360 1551 precipitacione
380 1520 492 1551 legendo,
512 1520 720 1551 psalmoditando,
742 1522 768 1543 et
790 1520 921 1548 cant-finde,
942 1519 1020 1543 nichil
1044 1520 1145 1550 penitus
1168 1528 1236 1544 com-

168 1553 300 1577 mittentes
323 1553 392 1584 quod
418 1553 509 1576 Divine
534 1553 645 1576 offendat
668 1552 765 1576 occulos
789 1552 935 1583 Majestatis,
962 1552 1031 1575 omni
1059 1552 1237 1577 nichilominus

168 1586 339 1616 negociacione
358 1586 446 1609 illicita
463 1588 489 1609 et
506 1585 587 1616 turpis
606 1585 669 1608 lucri
686 1588 777 1616 questu
800 1585 833 1608 eis
857 1593 957 1615 prorsus
974 1585 1135 1609 manentibus
1157 1585 1235 1609 inter-

102 1618 139 1648 (25
168 1618 410 1648 dictis.——Canonici,
423 1626 530 1649 quoque,
544 1619 574 1641 de
594 1618 665 1641 bonis
683 1626 732 1648 que
750 1618 784 1641 ibi
798 1618 947 1648 percipiunt,
962 1617 1019 1648 plus
1031 1618 1104 1641 solito
1125 1618 1234 1649 hospita-

167 1651 234 1675 litati
256 1651 381 1680 insistant,
404 1651 498 1674 Christi
520 1659 640 1681 pauperes
664 1650 778 1681 ejusdem
802 1650 920 1673 Parochie
943 1650 984 1680 pia
1006 1650 1182 1680 consolacione,
1204 1654 1235 1675 ut

103 1684 138 1713 (3)
169 1684 293 1713 convenit,
312 1684 521 1707 visitantes-Ac
540 1683 635 1707 edificia
656 1683 843 1706 Prebendarum
861 1691 963 1706 suarum
986 1682 1071 1706 diruta
1090 1683 1235 1708 reedificent

102 1717 136 1748 (4)
167 1719 193 1740 et
210 1717 360 1740 deteriorata
376 1719 498 1747 reparent,
516 1719 546 1739 ut
561 1716 823 1745 tenentur.-Nullus‚
836 1716 938 1746 insuper
954 1715 1100 1744 eanonicus,
1113 1716 1233 1745 Vioarius‚

167 1751 212 1772 aut
232 1749 315 1780 quivis
335 1749 399 1773 alius
420 1749 528 1772 Ecclesie
548 1749 697 1779 supradicte,
719 1748 839 1772 terminos
862 1748 926 1778 juris
946 1748 1020 1771 alieni
1043 1748 1152 1772 invadat.
1188 1749 1233 1773 Set

166 1782 274 1812 quilibet
286 1782 372 1805 debita
383 1782 430 1805 sibi
447 1782 562 1812 porcione
578 1781 609 1804 ab
624 1781 728 1812 antiquo
744 1781 884 1804 secundum
900 1781 1107 1804 consuetudinem
1123 1781 1233 1805 Ecclesie

101 1815 136 1844 (5)
165 1814 287 1838 hactenus
304 1815 423 1838 usitatam
443 1816 577 1837 contentus
595 1814 815 1837 existat—Cesset
837 1813 918 1836 omnis
939 1813 1106 1837 murmuracio
1127 1816 1153 1837 et
1173 1822 1230 1838 con-

101 1848 137 1877 (6)
166 1847 247 1870 tencio
259 1847 285 1870 in
297 1847 385 1876 Choro,
399 1855 442 1875 per
456 1855 518 1877 quas
537 1847 628 1870 Cultus
645 1846 751 1869 Divinus
768 1846 860 1876 poterit
876 1846 997 1876 impediri.
1005 1846 1133 1875 —Nullus‚
1146 1847 1231 1876 eciam,

165 1880 321 1903 Vicariorum
342 1880 372 1903 ab
392 1879 467 1903 Horis
488 1879 618 1903 Canonicis
641 1879 667 1902 in
688 1879 795 1902 Ecclesia
817 1878 979 1901 decantandis
997 1886 1023 1902 se
1043 1879 1166 1908 absentet,
1184 1879 1233 1903 nisi

67 1920 105 1940 101,
118 1922 149 1941 23,
165 1912 230 1936 forte
246 1921 260 1936 a
276 1912 384 1936 Sacrista
399 1912 513 1942 ejusdem
532 1911 647 1941 Ecclesie,
666 1919 741 1942 quem
760 1911 832 1934 istius
850 1911 960 1941 Capituli
975 1911 1127 1941 deputamus
1143 1919 1231 1936 execu-

164 1947 252 1974 torem,
279 1945 311 1968 ob
339 1945 449 1975 aliquam
477 1944 572 1975 justam
601 1952 701 1967 causam
724 1952 750 1967 se
773 1943 921 1966 absentandi
944 1943 1072 1967 licenciam
1092 1944 1232 1975 optinuerit

164 1978 302 2008 specialem.
313 1978 428 2007 —Eum‚
446 1977 577 2007 siquidem,
599 1977 642 2007 qui
660 1984 730 1999 secus
751 1976 838 1999 fecerit
856 1976 887 1999 ab
908 1976 1020 2006 ingressu
1039 1976 1114 2000 Chori
1131 1985 1231 2001 manere

164 2010 281 2034 volumus
299 2017 456 2041 suspensum,
476 2010 554 2032 donec
575 2017 655 2032 unum
678 2009 787 2037 obolum,
804 2008 905 2032 nomine
926 2009 1027 2038 mulete,
1050 2017 1095 2040 pro
1118 2010 1231 2040 qualibet

163 2043 224 2066 hora
242 2043 355 2066 absencie
373 2045 399 2066 et
416 2041 584 2073 suspensionis
602 2050 646 2064 sue
665 2041 798 2064 exsolverit
815 2041 841 2064 in
854 2049 914 2064 usus
928 2041 1042 2070 Eeclesie,
1056 2049 1132 2072 quam
1145 2042 1230 2066 debito

162 2075 321 2099 defraudavit
344 2075 470 2105 obsequio,
494 2074 872 2104 convertenduni.—Stipendia,
890 2082 956 2103 vero,
980 2074 1054 2097 dictis
1072 2075 1175 2098 Vicariis
1197 2076 1229 2099 ab

161 2109 266 2139 antiquo
278 2108 304 2131 in
317 2108 384 2131 dicta
397 2107 506 2131 Ecclesia
518 2107 664 2136 constituta,
678 2109 704 2130 et
715 2106 836 2130 haetenus
848 2106 939 2135 soluta,
951 2106 1037 2130 nullus
1047 2107 1229 2132 Canonicorum

62 2147 144 2163 memo·
159 2141 262 2165 mutilet
280 2141 319 2165 vel
338 2140 477 2168 immutet;
500 2142 539 2163 set
561 2139 695 2170 antiquum
715 2146 835 2162 canonem
855 2139 963 2162 duamm
983 2147 1129 2169 marcarum,
1148 2142 1231 2170 preter

61 2168 190 2198 randumea
217 2182 267 2206 que
294 2173 354 2197 alias
381 2172 522 2204 percipiunt
544 2172 576 2196 ab
599 2171 708 2196 Ecclesia
731 2171 832 2195 nomine
854 2171 957 2201 Vicarie,
981 2171 1041 2203 ipsis
1063 2172 1175 2202 Vicariis,
1199 2175 1230 2197 ut

64 1991 129 2010 pena-
