1328 2295
48 160 93 196 72

56 650 90 670 501.
108 656 136 674 19.

58 1569 93 1589 fol.
103 1575 126 1593 19

248 172 327 198 THE
353 172 541 199 REGISTER
567 173 615 199 OF
641 173 780 200 BISHOP
807 173 1035 200 STAPELDON.

147 249 250 279 Placito=
273 250 333 281 quia
355 251 489 275 videbatur
513 251 588 276 Curie
617 252 685 282 quod
707 252 841 282 expediens
864 251 916 275 fuit
939 259 984 282 pro
1011 250 1121 275 Domino
1146 250 1213 281 Rege

147 283 276 306 cerciorari
298 292 343 314 per
360 284 465 308 Librum
483 285 514 308 de
532 285 683 315 Domesday,
705 285 810 308 Librum
834 285 983 314 Feodorum,
1001 286 1027 307 et
1048 283 1097 307 alia
1119 283 1214 306 dictam

149 315 285 339 Ecclesiam
297 317 429 347 tangencia
440 317 467 340 in
479 317 644 341 Thesauraria
655 318 730 348 Regis
742 317 885 347 existencia,
898 325 973 348 super
984 317 1101 340 libertate
1113 315 1214 346 Capelle

148 348 222 379 Regis
244 349 363 379 predicte,
381 350 531 373 mandatum
551 350 602 373 fuit
619 350 790 379 Thesaurario,
809 350 956 380 Baronibus,
974 352 1001 373 et
1019 348 1167 373 Camerariis
1184 348 1216 372 de

149 381 275 405 Scaccario
293 382 397 405 Domini
414 383 488 413 Regis
506 383 581 413 quod,
598 383 717 406 scrutatis
736 383 854 413 predictis
869 383 951 406 Libris
966 385 992 406 et
1004 382 1059 406 aliis
1075 381 1216 411 evidenciis,

148 414 281 438 mitterent
298 422 327 438 ea
344 423 393 445 que
409 415 468 438 inde
486 416 624 446 contigeret
641 416 748 439 inveniri
765 423 847 439 coram
871 415 979 439 Domino
997 416 1070 446 Rege,
1090 417 1136 438 etc.
1172 414 1214 443 Et,

148 448 242 477 postea,
255 447 361 478 predicti
373 447 559 477 Thesaurarius,
573 451 628 477 etc„
640 448 765 472 miserunt
777 449 919 472 Recordum
931 448 1000 472 Libri
1016 448 1047 471 de
1065 446 1217 477 Domesday,

148 480 175 503 in
195 487 246 510 quo
262 480 311 503 sub
327 480 404 504 titulo
422 481 467 511 qui
489 481 695 509 dicitur,-Inter
712 482 800 504 Terras
818 481 892 510 Regis
908 481 935 504 in
953 480 1082 505 Comitatu
1101 479 1217 504 Sussexie

149 513 313 536 continentur
328 512 375 536 hec
390 514 483 537 verba:
500 514 555 537 Rex
566 514 708 537 WVillelmus
722 516 792 537 tenet
810 514 835 537 in
854 513 964 537 dominio
976 513 1106 537 Boseham.
1139 512 1214 541 Item,

148 545 176 568 in
192 545 281 568 eodem
299 545 375 569 Libro
392 546 424 569 de
441 546 592 577 Domesday,
610 547 657 570 sub
675 547 751 570 titulo
767 547 811 577 qui
829 547 863 570 sic
881 546 1112 575 scribitur,-[nter
1131 545 1218 568 Terras

151 578 252 601 Osberti
269 578 387 611 Episcopi
404 579 431 602 in
444 579 573 603 Comitatu
592 579 711 609 predicto,
728 580 891 603 continentur
903 579 948 603 hec
966 578 1217 607 verbaz—Osbertus,

149 610 296 641 Episcopus,
313 613 385 634 tenet
402 614 447 635 etc.
468 612 505 641 (ut
520 612 616 642 supra).
662 613 736 642 Item,
754 613 945 643 subsequenter,
962 612 1010 635 sub
1028 612 1116 635 eodem
1133 610 1218 640 titulo,

153 643 317 667 continentur
328 644 374 667 hec
389 645 464 668 verba
474 645 645 668 2—Decimam
662 644 771 668 Ecclesie
789 645 878 668 Clerici
894 647 988 668 tenent.
1024 645 1091 668 Item
1107 643 1216 667 Thesau-

149 676 230 700 rarius
242 678 268 700 et
280 676 437 701 Camerarius
446 677 570 701 miserunt
583 678 723 701 Recordum
737 678 805 701 Libri
821 678 960 701 F'eodorum
972 677 1020 700 sub
1032 677 1079 700 hiis
1088 676 1169 700 verbis
1180 676 1218 705 (ut

149 709 244 739 supra).
274 709 348 739 Item,
360 710 387 733 111
399 718 465 733 nono
476 710 536 734 folio
549 711 585 740 (ut
597 711 691 741 snpra).
718 711 790 740 Item,
804 711 830 734 in
842 711 901 734 folio
913 710 963 734 xvo.
979 710 1016 739 (ut
1025 709 1118 740 supra).
1143 708 1219 737 Item,

150 742 276 765 miserunt
287 743 393 772 predicti
405 743 592 773 Thesaurarius,
605 746 659 772 etc„
673 744 853 774 transcriptum
867 743 972 766 Recordi
984 743 1117 773 cujusdam
1129 741 1218 765 Placiti

151 783 233 798 coram
246 775 361 799 Johanne
379 776 410 799 de
422 776 587 807 Metyngham
604 778 630 799 et
645 776 722 800 Sociis
740 777 798 805 suis,
812 777 828 800 J
831 776 962 799 usticiariis
978 775 1081 799 Domini
1097 774 1171 805 Regis
1187 775 1218 797 de

151 808 234 831 Banco
247 808 285 838 (ut
299 808 404 838 sup7·a);
421 808 447 832 iu
460 817 510 839 quo
527 809 637 832 Recordo
653 809 798 832 continvtur
813 810 881 840 quod
897 817 941 840 per
956 808 1083 839 quandam
1098 807 1219 838 juratam,

150 840 218 864 inter
234 841 360 871 predictos
378 841 531 872 Episcopum
549 844 575 865 et
593 842 718 865 Comitem
735 842 770 865 ibi
788 844 895 872 captam,
914 843 1071 872 compertum
1092 842 1131 864 est
1150 840 1219 871 quod

151 873 279 903 predictus
292 874 430 904 Episcopus
451 876 521 898 tenet
539 875 665 905 Capellam
682 875 712 898 de
730 875 861 903 Boseham,
882 882 931 905 que
947 877 986 897 est
1006 874 1095 897 Libera
1118 873 1219 903 Capella

152 906 255 929 Domini
267 907 348 937 Regis.
381 907 455 936 Item,
466 907 590 931 miserunt
602 907 781 931 Thesaurarius
794 910 820 931 et
833 907 989 930 Camerarius
1003 907 1104 930 Cartam
1116 905 1219 929 Domini

152 939 255 962 Henrici
278 939 407 970 quondam
430 940 505 970 Regis
527 940 624 970 Anglie,
648 943 706 969 etc,
724 940 749 963 in
767 948 824 970 qua,
842 940 953 970 quidem,
976 939 1051 963 Carta
1074 938 1219 962 continetur

155 971 193 1001 (ut
210 972 305 1002 supra).
342 972 408 995 Item
425 972 488 996 dicit
505 981 549 1003 pro
567 973 675 996 Domino
690 974 764 1004 Rege,
781 973 908 1003 predictus
923 972 1013 1001 Adam,
1035 973 1079 1002 qui
1096 971 1219 1002 sequitur,

152 1006 208 1033 etc.,
226 1005 295 1035 quod
310 1013 354 1035 per
369 1005 496 1035 quandam
511 1005 622 1036 juratam
640 1014 722 1029 coram
741 1006 850 1029 Domino
867 1006 934 1036 Rege
950 1005 1010 1028 alias
1028 1007 1127 1035 captam
1143 1011 1218 1034 super

152 1037 265 1068 predicto
293 1037 389 1061 Placito
425 1040 494 1061 moto
531 1038 597 1062 inter
625 1039 709 1069 ipsum
743 1039 880 1062 Dominum
906 1039 1000 1069 Regem
1026 1040 1053 1061 et
1076 1037 1219 1068 predictum

153 1070 373 1100 Archidiacouum,
386 1073 543 1101 compertum
562 1074 600 1095 est
620 1072 688 1102 quod
708 1071 824 1102 Episcopi
844 1071 1003 1100 Exonienses,
1014 1078 1045 1094 ex
1063 1069 1219 1094 concessione

153 1103 251 1132 Regum
270 1102 369 1133 Anglie,
387 1104 578 1134 Progenitorum
598 1105 672 1134 Regis
692 1112 766 1133 1111110,
786 1104 920 1127 conferunt
938 1104 1087 1132 Prebendas,
1106 1105 1160 1132 etc.,
1182 1102 1220 1132 (ut

152 1135 259 1166 supra),
277 1138 303 1159 et
320 1136 387 1166 quod
406 1137 513 1166 predicti
531 1137 657 1166 canonici,
675 1145 718 1160 seu
740 1145 827 1160 eorum
845 1136 981 1165 Prehende,
1005 1139 1062 1164 etc„
1086 1142 1218 1166 nunquam

154 1176 198 1199 per
209 1168 319 1199 aliquem
326 1168 538 1193 Archidiaconum
552 1170 741 1199 &cesti-ensem,
750 1173 795 1193 etc.
807 1169 902 1193 visitati
914 1170 1020 1193 fuerunt
1031 1177 1036 1198 ;
1054 1176 1100 1192 nec
1111 1168 1221 1198 aliquam

153 1201 169 1225 J
173 1201 361 1224 urisdiccionem
380 1202 537 1225 Ordinariam
558 1202 584 1225 111
597 1203 631 1225 eis
649 1205 822 1232 exercuerunt,
839 1210 971 1233 quousque
992 1202 1075 1225 dictus
1091 1200 1218 1224 Archidia-

154 1242 239 1263 conus,
252 1236 277 1257 et
290 1233 344 1264 ejus
355 1235 478 1263 Officialis,
488 1235 531 1265 qui
544 1243 611 1258 1111110
623 1238 685 1258 sunt
696 1238 742 1258 etc.
757 1236 794 1264 (uc
805 1235 899 1265 supra),
912 1237 1083 1258 exercuerunt.
1113 1234 1147 1257 Et
1158 1233 1220 1257 dicit

154 1267 221 1297 quod
231 1267 280 1290 ista
289 1267 372 1290 omnia
381 1275 463 1290 coram
474 1268 582 1291 Domino
592 1269 656 1298 Rege
666 1268 725 1291 alias
734 1268 887 1297 transmissa,
897 1270 927 1291 ut
935 1267 1078 1298 predicitur,
1089 1266 1222 1290 irrotulata

154 1303 216 1323 sunt
232 1300 258 1323 in
275 1300 375 1323 Retulis
390 1300 543 1323 Placitorum
561 1309 643 1324 coram
662 1301 693 1324 H.
711 1301 734 1324 le
752 1301 843 1331 Scrope
858 1303 885 1324 et
901 1300 978 1324 Sociis
995 1300 1053 1328 suis,
1067 1299 1218 1323 Justiciariis

154 1332 257 1355 Domini
278 1332 359 1363 Regis,
378 1333 410 1356 ad
428 1333 523 1356 Placita
543 1341 625 1357 coram
643 1334 697 1364 ipso
717 1334 784 1364 Rege
800 1334 909 1357 tenenda
926 1333 1065 1363 assignatis,
1082 1334 1158 1363 prout
1177 1339 1220 1362 per

154 1365 335 1395 inspeccionem
354 1366 504 1389 Rotulorum
517 1366 653 1389 eorundem
667 1367 761 1396 liquere
773 1366 867 1396 poterit
884 1366 1022 1389 manifeste.
1059 1366 1134 1389 Unde
1151 1365 1219 1388 idem

154 1398 244 1427 Adam,
266 1398 310 1428 qui
330 1398 453 1428 sequitur,
475 1402 530 1427 etc.y
551 1399 613 1422 dicit
633 1400 700 1429 quod
721 1407 764 1429 per
782 1399 902 1429 premissa.
921 1401 1040 1422 contenta
1057 1398 1083 1421 in
1101 1397 1219 1428 predictis

155 1431 244 1459 Libris,
264 1431 340 1454 Carta
354 1431 435 1461 Regis,
455 1434 481 1454 et
497 1432 622 1460 Recordis,
644 1440 726 1455 coram
745 1433 811 1462 Rege
825 1432 885 1455 alias
900 1431 1061 1460 transmissis,
1081 1431 1147 1454 sicut
1164 1438 1218 1461 pre—

154 1463 252 1487 dictum
264 1466 309 1493 est,
323 1465 349 1487 et
360 1464 437 1486 eciam
449 1472 493 1494 per
509 1464 647 1494 predictam
664 1465 782 1495 juratam,
795 1467 894 1495 captam
907 1464 973 1487 inter
984 1464 1068 1494 ipsum
1081 1463 1220 1487 Dominum

155 1496 248 1527 Regem
261 1499 287 1519 et
299 1496 441 1526 predictum
451 1497 668 1525 Archidiaconum,
681 1497 834 1520 sufficienter
846 1497 989 1520 ostenditur
1001 1497 1069 1527 quod
1079 1497 1132 1519 Rex
1144 1498 1183 1519 est
1194 1495 1221 1519 in

155 1529 308 1559 possessione
331 1529 454 1552 libertatis
478 1529 578 1560 Capelle
603 1530 720 1560 predicte,
744 1531 813 1560 quod
838 1530 883 1553 hec
910 1530 1024 1553 sufficere
1051 1529 1145 1552 debent
1175 1536 1220 1559 pro

128 1559 147 1585 b.
159 1562 268 1585 Domino
286 1562 353 1592 Rege
375 1562 401 1585 in
424 1562 470 1585 hac
490 1566 559 1592 parte
581 1563 612 1586 ad
631 1563 774 1586 faciendum
795 1563 925 1586 ,Iudicium
943 1565 1030 1586 contra
1046 1562 1144 1585 dictum
1161 1561 1220 1592 Epi-

157 1602 260 1624 scopum
278 1594 459 1618 Cicestrensem
475 1603 550 1625 super
567 1595 762 1625 transgressione
779 1595 898 1626 predicta,
916 1603 975 1619 cum
994 1595 1062 1618 idem
1082 1594 1222 1625 Episcopus

154 1627 251 1650 nullam
263 1627 472 1650 Jurisdieeionem
484 1628 641 1651 ordinariam
654 1628 745 1651 clamet
756 1628 782 1651 111
796 1628 904 1651 Ecclesia
916 1628 1033 1659 predicta,
1047 1629 1086 1651 set
1097 1630 1219 1656 tanquam

155 1662 290 1683 extraneus
318 1667 333 1683 a
355 1660 536 1684 Jurisdiccione
564 1661 712 1691 hujusmodi
735 1669 785 1684 non
812 1661 906 1684 dedicit
928 1660 990 1691 quin
1013 1660 1221 1684 Jurisdiccionem

156 1692 314 1716 Ordinariam
331 1693 443 1716 exercuit
460 1693 561 1722 ibidem,
577 1695 664 1716 contra
684 1694 883 1717 Prohibicionem
901 1694 1011 1724 Regiam,
1030 1695 1061 1716 ut
1079 1692 1221 1723 predictum

154 1727 204 1749 est:
221 1725 286 1762 petit
302 1725 433 1749 Judicium
450 1734 495 1756 pro
513 1726 621 1749 Domino
639 1727 712 1757 Rege,
732 1729 760 1749 ut
778 1727 847 1757 prius
865 1728 910 1750 etc.
946 1727 980 1749 Et
997 1726 1124 1756 predictus
1143 1725 1222 1749 01000-

155 1760 180 1781 ti
181 1765 245 1781 ensis
256 1758 307 1788 (sic)
320 1758 388 1787 dicit,
399 1760 429 1781 ut
436 1759 513 1789 prius,
524 1759 591 1789 quod
600 1759 712 1789 predicta.
724 1759 822 1782 Ecclesi·
819 1768 832 1782 1
840 1760 871 1782 de
884 1759 1006 1782 Boseham
1018 1766 1068 1782 non
1081 1760 1119 1781 est
1132 1757 1222 1781 Libera

156 1790 257 1821 Capella
275 1790 377 1814 Domini
396 1791 477 1820 Regis,
496 1794 522 1814 et
540 1791 586 1815 hoc
604 1794 706 1822 paratus
724 1794 762 1815 est
784 1792 916 1821 verificare,
935 1794 1001 1820 etc.;
1020 1793 1045 1814 et
1068 1791 1130 1814 dicit
1152 1790 1221 1820 quod

155 1823 257 1846 videtur
268 1823 291 1846 ei
302 1824 370 1853 quod
382 1824 494 1854 pieriicta
506 1824 568 1854 alleg
570 1827 611 1847 tritt
623 1832 667 1855 pro
684 1824 793 1848 Domino
809 1825 874 1855 Rege
887 1825 918 1848 de
930 1823 1071 1847 contentis*
1064 1831 1091 1847 111
1103 1823 1221 1854 predictis

155 1855 238 1879 Libris
256 1857 282 1879 et
298 1855 360 1885 aliis,
379 1858 433 1885 etc.‚
452 1856 546 1880 habent
564 1857 657 1880 censeri
675 1860 705 1880 ut
723 1844 859 1880 evidencie?
867 1859 893 1880 et
909 1864 961 1880 non
977 1856 1144 1887 probaciones.
1188 1856 1224 1879 Et

154 1888 282 1919 predictus
294 1888 384 1918 Adam,
392 1889 437 1919 qui
448 1889 570 1919 sequitur,
583 1892 637 1918 ete„
651 1889 712 1913 dicit
722 1897 765 1920 pro
778 1889 886 1913 Domino
898 1890 972 1920 Rege,
982 1897 1068 1912 versus
1080 1888 1223 1920 predictum

155 1921 308 1951 Episcopum
327 1921 514 1951 Cicestrensem,
527 1922 593 1945 sicut
611 1922 687 1952 prius,
708 1925 754 1946 etc.
773 1928 799 1945 et
819 1923 884 1952 petit
901 1922 1031 1946 <Iudicium
1051 1930 1096 1952 pro
1114 1921 1222 1945 Domino

155 1954 229 1983 Rege,
242 1953 307 1977 sicut
324 1953 466 1984 predictum
484 1956 529 1982 est,
544 1957 589 1978 etc.
624 1955 684 1978 Dies
700 1955 775 1978 datus
791 1958 829 1978 est
845 1955 879 1978 eis
894 1955 925 1978 de
943 1955 1067 1978 audiendo
1084 1953 1185 1978 Judicio
1196 1953 1223 1977 in

156 1986 257 2010 Octabis
277 1986 363 2010 Sancti
380 1986 515 2016 Michaelis,
534 1995 617 2010 coram
632 1988 705 2018 Rege,
722 1987 882 2018 ubicumque,
901 1989 946 2011 etc.
982 1987 1017 2010 Et
1036 1986 1138 2010 interim
1154 1994 1222 2010 scru-

156 2020 244 2042 tentur
263 2026 308 2049 pro
326 2018 435 2042 Domino
456 2019 530 2049 Rege,
549 2022 603 2048 etc„
622 2020 642 2042 si
658 2028 713 2050 que,
733 2023 788 2048 ete,
808 2021 839 2043 ad
857 2020 994 2050 pleniorem
1008 2019 1221 2048 informacionem,

155 2054 210 2081 etcr,
223 2060 267 2074 seu
283 2051 343 2074 alias
360 2051 392 2074 ad
408 2051 592 2082 beneplacitum
610 2052 711 2075 Domini
729 2053 810 2083 Regis,
824 2054 869 2076 etc.
906 2053 1002 2082 Postea,
1015 2053 1047 2076 ad
1063 2052 1131 2075 diem
1147 2052 1220 2075 illum

154 2084 225 2108 venit
242 2084 324 2107 Adam
338 2084 370 2107 de
387 2084 523 2114 Fyncham,
537 2085 581 2114 qui
599 2085 714 2115 sequitur
733 2093 777 2115 pro
794 2086 867 2115 Rege,
880 2087 925 2109 etc.
962 2086 997 2108 Et
1014 2085 1142 2116 predictus
1161 2084 1220 2115 Epi-

155 2124 244 2148 scopus
262 2116 431 2146 cicestrensis,
450 2125 493 2147 per
515 2119 673 2141 attornatum
696 2126 777 2141 suum.
815 2118 848 2141 Et
868 2118 992 2141 Dominus
1015 2118 1069 2141 Rex
1092 2116 1222 2141 mandavit

154 2150 235 2175 Breve
246 2156 322 2174 suum
331 2149 347 2175 J
349 2149 481 2174 usticiariis
492 2149 532 2174 hic
544 2149 571 2175 111
583 2150 628 2175 1100
640 2151 715 2174 verba
721 2151 876 2181 2—Edward,
886 2159 930 2182 par
941 2151 965 2175 la
976 2158 1048 2182 grace
1060 2151 1091 2175 de
1100 2150 1165 2175 Dieu
1174 2149 1221 2174 Roi
