1328 2295
443 164 607 190 GENERAL
630 163 755 190 nvDEx.
1125 156 1162 189 1]
1175 156 1194 190 7

100 241 218 272 Magister
236 242 362 266 Walterus
380 243 411 266 de
431 243 510 272 Wike,
531 243 643 273 studens,
656 245 682 266 et
694 244 827 273 expectans
836 242 918 266 locum
923 249 929 271 ς
941 242 972 266 de
984 242 1106 273 permissu
1117 245 1192 267 utens

133 274 283 305 aliquociens
292 275 371 299 officio
384 276 560 299 Procuratoris.

99 306 218 337 Magister
230 308 380 338 Reginaldus
392 309 423 331 de
435 308 589 338 Boggewille,
602 308 713 337 studens,
726 309 752 331 et
763 309 897 338 expectans
908 307 990 331 locum
1003 315 1009 337 ;
1029 308 1059 331 de
1071 308 1194 338 permissu

132 341 206 363 utens
215 340 364 370 aliquociens
376 341 455 364 officio
468 341 643 364 Procuratoris,

101 371 219 402 Magister
241 373 365 396 Robertus
385 373 540 404 attebrugge,
564 374 675 402 studens,
696 375 722 396 et
748 374 881 403 expectans
908 372 998 402 locum,
1017 373 1048 396 de
1072 373 1194 404 permissu

131 407 206 428 utens
218 405 368 436 aliquociens
380 406 457 429 officio
470 406 650 429 Procuratoris.

101 436 220 467 Magister
232 438 352 461 Ricardus
364 439 394 462 de
412 439 581 467 Treuronarde,
601 439 713 468 studens,
732 440 758 461 et
770 440 903 469 expectans
922 438 1013 468 locum,
1029 438 1060 461 de
1072 438 1194 469 permissu

132 472 206 493 utens
215 470 365 501 aliquociens
379 471 457 494 officio
470 471 644 494 Procuratoris.

102 501 209 525 Thomas
233 503 320 531 Snou;
344 504 470 527 Johannes
490 504 637 529 Walronde;
662 503 780 533 Magister
800 503 928 527 Gilbertus
949 503 1048 532 Cressi3
1077 503 1196 534 Magister

134 534 275 558 Alexander
295 536 325 559 de
338 536 517 566 Eggeworthe;
542 536 660 566 Magister
672 536 796 559 Robertus
814 536 844 559 de
864 536 887 559 la
908 535 1064 565 Lane,—lsti
1086 538 1197 560 utuntur

133 567 302 591 Procuratoris
311 568 389 591 officio
399 577 448 592 non
461 569 568 592 admissi.

101 598 220 630 Magister
240 601 368 624 Galfridus
388 602 419 624 (le
440 601 571 632 Modbury,
594 602 705 630 studens5
725 603 751 624 et
767 603 899 632 expectans
916 600 1005 631 locum,
1025 601 1056 624 de
1073 601 1195 632 permissu

133 634 207 656 utens
216 633 367 664 aliquociens
376 634 454 657 officio
467 634 643 657 Procuratoris.

101 664 189 695 Tenor,
206 673 270 695 vero,
288 666 479 697 Deposicionum
498 666 671 697 Inquisicionis
688 666 714 690 in
731 666 878 697 hujusmodi
890 666 1040 690 Visitacione
1057 666 1122 690 facte
1140 667 1196 691 talis

132 700 207 724 est,—

100 729 218 760 Magister
235 731 358 755 Henricus
379 731 410 755 de
430 731 548 755 Stouford
576 750 580 755 .
612 750 617 755 .
648 749 653 755 .
685 731 849 759 examinatus,
873 731 934 755 dicit
951 731 1019 762 quod
1039 732 1117 755 Cause
1138 732 1195 763 plus

132 763 217 786 debito
240 766 360 787 tenentur
380 764 405 787 in
424 772 549 794 suspenso,
563 767 588 787 et
600 764 646 787 hoc
658 766 759 794 propter
771 764 949 794 negligenciam
968 764 1154 788 Advocatorum
1170 767 1196 788 et

133 795 332 820 Procuratorum.
401 797 546 827 Requisitus
575 797 714 827 specialiter
747 799 848 827 propter
876 797 1054 827 negligenciam
1086 805 1195 828 quorum

133 828 319 852 Advocatorum
331 831 357 852 et
366 830 565 858 Procuratorum,
579 832 634 858 etc.‚
656 829 717 852 (licit
734 830 801 859 quod
813 829 917 860 ignorat,
930 837 958 852 eo
970 830 1037 859 quod
1050 837 1094 860 pro
1107 829 1196 860 majori

133 863 204 890 parte
214 861 358 885 Consistorii
371 864 409 885 est
417 862 550 885 intendens
562 862 615 885 aliis
625 862 738 892 negociis
749 864 774 885 et
786 862 874 885 absens
886 870 899 885 a
910 862 1060 885 Consistorio
1073 864 1099 885 et
1109 862 1196 886 Causis

133 892 159 916 in
172 893 324 917 Consistorio
336 895 469 918 ventilatis.
505 895 542 918 De
562 895 780 917 Examinatoribus
801 894 861 917 dicit
881 895 948 925 quod
967 894 1034 917 fama
1046 895 1145 925 publica
1156 897 1195 918 est

134 926 202 955 quod
211 928 272 949 sunt
284 927 358 950 nimis
371 927 473 956 onerosi,
495 930 520 950 et
543 930 635 957 petunt
655 927 686 950 de
704 927 791 950 salario
812 927 858 950 sibi
879 927 992 950 satisfieri
1004 929 1063 950 ante
1076 927 1194 951 Examin-

134 958 251 987 acionem,
273 961 298 982 et
316 959 449 990 aliquando
468 968 496 983 ea
514 960 544 982 de
564 968 637 983 causa
654 960 772 982 differunt
787 959 1011 988 Examinacionem,
1025 962 1061 988 ut,
1072 960 1195 990 videlicet,

134 990 168 1013 eis
177 991 282 1015 satisfiat
289 1000 333 1022 pre
342 992 464 1016 manibus.
495 993 582 1021 Quoad
591 992 1004 1022 Examinacionem,separacionem
1011 992 1115 1015 testium
1123 992 1198 1023 juxta

134 1023 267 1053 Articulos,
299 1027 325 1047 et
354 1025 573 1055 interrogatorum}
598 1027 674 1055 prout
694 1025 848 1053 articulatur,
875 1024 936 1047 dicit
963 1025 1030 1054 quod
1051 1024 1148 1055 ignorat
1173 1025 1194 1048 si

134 1055 278 1086 singillatim
291 1057 382 1087 pariter
393 1065 425 1080 an
437 1057 546 1086 confuse,
557 1060 582 1080 et
591 1065 622 1080 an
634 1065 744 1080 seorsum
757 1059 783 1080 et
795 1059 894 1086 secrete,
908 1059 934 1080 et
946 1065 977 1080 an
985 1057 1059 1087 juxta
1068 1057 1195 1081 Articulos

134 1091 160 1111 et
179 1089 373 1119 interrogatoria,
396 1092 425 1113 ut
443 1090 593 1118 continetur,
622 1092 668 1115 etc.
695 1090 756 1112 dicit
773 1097 798 1112 se
819 1089 895 1113 nichil
915 1089 983 1118 scire,
1010 1097 1038 1112 eo
1058 1090 1126 1120 quod
1144 1098 1195 1114 non

134 1120 238 1144 interest
255 1122 281 1144 in
300 1122 535 1145 Examinacionibus
555 1123 611 1146 suis.
648 1123 687 1145 An
707 1130 780 1152 super
797 1122 901 1152 singulis
913 1121 1033 1145 Articulis
1048 1122 1195 1152 singillatim

134 1154 283 1183 examinent,
304 1154 365 1178 dicit
385 1156 453 1185 quod
475 1155 579 1185 ignorat.
616 1155 690 1182 Disit,
707 1158 799 1182 tamen,
818 1155 892 1185 quod.
912 1162 970 1177 cum
990 1154 1081 1184 scripta.
1099 1154 1195 1178 fuerint

134 1186 206 1215 dicta,
225 1190 328 1217 apparet
346 1188 413 1217 quod
436 1188 569 1218 aliquando
591 1187 673 1218 plures
696 1187 803 1210 Articuli
822 1187 1001 1214 coadunantur,
1021 1189 1047 1210 et
1067 1189 1143 1210 testes
1163 1188 1196 1211 ad

134 1219 288 1242 concordiam
301 1220 411 1250 plurium
424 1220 594 1243 Articulorum
607 1220 682 1242 simul
695 1220 861 1243 deducuntur.
897 1220 938 1242 Ad
956 1219 1043 1242 salaria
1059 1220 1193 1243 Examina-

134 1253 218 1274 torum
230 1251 292 1275 dicit
303 1260 328 1275 se
340 1252 414 1275 nichil
427 1253 487 1276 scire
500 1253 530 1275 de
543 1255 609 1275 certa
626 1252 753 1275 taxacione
765 1252 845 1275 salarii
857 1260 861 1280 ;
881 1254 919 1275 set
939 1252 959 1275 si
980 1252 1099 1275 dissensio
1118 1252 1197 1276 fuerit

134 1291 208 1314 super
219 1284 306 1307 salario
318 1284 384 1308 iuter
397 1288 479 1315 partes
497 1286 661 1315 producentes
676 1284 864 1307 Examinatores
877 1287 1023 1314 supponunt
1034 1292 1060 1307 se
1072 1285 1196 1308 taxacioni

134 1316 148 1339 J
154 1316 236 1340 udicis.
273 1317 311 1340 De
331 1318 465 1341 Advocatis
483 1318 543 1341 dicit
560 1318 627 1347 quod
646 1317 768 1340 Advocati
786 1317 812 1340 ‘m
833 1317 1022 1347 allegaeionibus
1042 1317 1094 1340 suis
1114 1325 1196 1348 neque

134 1349 218 1372 Judici
238 1357 318 1380 neque
336 1350 406 1373 sociis
425 1358 519 1373 morem
537 1350 650 1373 debitum
668 1352 766 1380 gerunt,
779 1352 817 1373 set
838 1350 922 1379 pocius
942 1349 1019 1372 socios
1039 1350 1196 1374 sermonibus

133 1381 330 1412 interrumpunt,
351 1385 376 1405 et
393 1383 500 1413 garulosi
518 1383 630 1405 existunt
650 1382 800 1412 quandoque
813 1385 838 1405 et
850 1382 944 1412 probris
957 1382 1093 1411 decertant,
1112 1384 1138 1406 et
1150 1382 1196 1406 hoc

134 1414 300 1437 communiter
312 1415 433 1438 Advocati
451 1423 541 1438 omnes.
578 1415 615 1438 De
632 1415 745 1438 absencia
757 1415 949 1443 Advocatorum,
968 1417 994 1438 et
1011 1422 1041 1437 an
1060 1415 1091 1438 ob
1109 1423 1196 1438 eorum

134 1446 272 1470 absenciam
287 1447 366 1470 Cause
384 1448 538 1477 differantur,
557 1447 618 1471 dicit
634 1456 660 1470 se
678 1447 753 1470 nichil
771 1447 838 1470 scire.
874 1448 990 1476 Quantus
1002 1447 1132 1470 consuevit
1144 1455 1196 1471 esse

134 1486 254 1502 numerus
277 1480 462 1503 Advocatorum
485 1481 515 1503 ab
539 1480 649 1509 antiquo,
674 1480 735 1503 dicit
757 1488 782 1503 se
802 1479 878 1503 nichil
901 1480 968 1503 scire.
1005 1480 1079 1509 Dicit,
1103 1482 1195 1509 tamen,

134 1512 201 1541 quod
220 1514 331 1543 tempore
350 1513 462 1543 Magistri
482 1513 603 1536 Johannis
622 1513 653 1535 de
671 1513 790 1539 Brutone,
810 1512 938 1542 quondam
959 1512 1075 1536 Officialis
1094 1512 1197 1536 Domini

136 1544 281 1568 Exoniensis
295 1545 416 1576 Episcopi,
433 1546 537 1569 fuerunt
550 1548 657 1576 quatuor
670 1545 791 1568 Advocati
808 1553 838 1568 ex
851 1552 901 1567 una,
913 1547 991 1575 parte,
1012 1547 1038 1567 et
1049 1545 1155 1568 totidem
1166 1553 1196 1568 ex

135 1576 218 1600 altera.
262 1578 350 1606 Quoad
371 1578 545 1601 Procuratores
563 1586 637 1608 super
654 1578 735 1608 primo
758 1577 878 1605 Articulo,
899 1577 959 1600 dicit
976 1585 1002 1600 se
1021 1577 1098 1600 nichil
1116 1577 1193 1605 scire;

136 1610 218 1639 quoad
238 1611 382 1638 secundum,
404 1611 517 1639 tercium,
535 1613 662 1640 quartum,
680 1610 740 1633 (licit
758 1610 824 1633 idem
842 1612 867 1633 et
884 1609 987 1640 deponit
1004 1610 1071 1639 quod
1088 1610 1153 1633 dixit
1170 1612 1197 1633 et

134 1641 250 1672 deposuit
262 1643 343 1672 quoad
355 1643 510 1668 Advocatos;
528 1645 554 1666 et
566 1643 627 1666 dicit
639 1643 705 1672 quod
719 1643 790 1672 pejus
803 1650 827 1665 se
840 1642 940 1671 habent
959 1650 1003 1672 pro
1015 1642 1104 1672 majori
1116 1644 1194 1672 parte,

134 1674 159 1696 in
172 1674 256 1698 officiis
268 1675 318 1698 suis
328 1683 403 1705 quarn
413 1676 535 1698 Advocati
547 1678 572 1698 et
584 1683 640 1705 mag
643 1676 662 1698 is
674 1675 777 1705 leplobi.
814 1675 873 1703 Quo
870 1675 901 1698 id
913 1682 1002 1698 numel
1004 1682 1047 1698 um
1056 1675 1117 1698 dicit
1129 1675 1196 1704 quod

135 1707 343 1730 certitudinaliter
360 1708 438 1731 nescit
458 1708 580 1738 deponere
598 1710 708 1738 quantus
724 1707 853 1730 consuevit
871 1715 923 1730 esse
940 1715 1060 1730 numerus
1078 1707 1195 1730 Procura-

135 1741 219 1762 torum
236 1740 267 1763 ab
284 1740 394 1770 antiquo.
441 1741 514 1769 Item,
533 1741 668 1770 requisitus
686 1748 716 1763 nn
734 1748 800 1763 unus
818 1740 849 1763 de
866 1739 984 1770 predictis
1001 1740 1051 1762 (luo
1067 1739 1107 1762 vel
1124 1740 1196 1769 plura

136 1774 247 1795 exerceat
264 1773 349 1801 officia,
368 1775 394 1796 et
403 1773 444 1803 qui
459 1773 510 1796 sint
521 1773 557 1796 illi
569 1781 573 1800 ;
594 1773 655 1796 <licit
666 1773 734 1803 quod
747 1772 864 1802 Magister
877 1773 905 1796 R.
922 1772 1030 1795 Giffarde
1042 1774 1140 1795 exercet
1153 1780 1197 1802 pro

136 1804 225 1834 majori
248 1808 317 1835 parte
341 1806 391 1828 duo
415 1806 500 1833 officia,
524 1805 640 1828 videlicet
663 1805 784 1828 Advocati
813 1808 839 1828 et
863 1805 1050 1833 procuratori&
1078 1805 1195 1835 quodque

138 1835 258 1867 Magister
270 1837 420 1861 Eustachius
432 1838 463 1861 de
476 1838 618 1868 Tengemue
630 1838 744 1861 similiter
756 1838 814 1867 duo,
833 1837 949 1860 videlicet
968 1837 1151 1860 Examinatoris
1172 1839 1198 1860 et

136 1868 312 1893 Procuratoris.
348 1871 492 1900 Requisitus
509 1879 540 1893 an
553 1870 674 1893 Advocati
689 1873 715 1893 et
727 1870 901 1893 Procuratores
913 1872 973 1893 sunt
985 1869 1125 1898 tabernarii,
1139 1871 1194 1896 etc„

136 1901 196 1924 dicit
212 1902 279 1932 qnod
292 1903 322 1925 N.
337 1903 494 1926 Durneforde
512 1903 666 1926 tabernarius
684 1905 728 1931 est,
748 1905 774 1925 et
786 1902 861 1925 habet
878 1902 1000 1931 tabernas,
1018 1904 1044 1925 et
1056 1902 1083 1925 T.
1098 1901 1197 1932 Lukeys

136 1934 250 1963 publicus
260 1937 298 1958 est
314 1935 468 1958 tabernarius
478 1938 503 1958 et
513 1935 610 1966 publice
627 1935 747 1963 notorius,
757 1937 783 1957 et
799 1935 944 1965 frequenter
961 1936 1059 1957 exercet
1072 1934 1194 1958 tabernas.

139 1966 225 1994 Quoad
249 1967 309 1990 alios
332 1967 464 1997 Articulos,
488 1968 549 1991 dicit
572 1976 597 1991 se
618 1968 693 1991 nichil
717 1967 796 1996 scire;
824 1970 850 1990 et
873 1967 934 1990 dicit
957 1966 1025 1997 quod
1047 1974 1061 1989 a
1085 1968 1197 1996 tempore

137 1999 256 2028 generalis
274 2000 443 2023 Inhibucionis
461 2000 565 2024 nescivit
582 2000 678 2030 aliquos
695 2000 893 2028 Archidiaconos,
912 1999 951 2022 vel
969 2006 1054 2022 eorum
1068 1999 1196 2026 Officiales,

138 2031 213 2054 citare
232 2039 290 2055 suos
310 2033 423 2056 subditos
443 2033 475 2056 ad
494 2033 687 2063 comparendum
707 2033 732 2055 in
752 2032 860 2055 Ecclesia
878 2031 1021 2055 Cathedrali
1041 2031 1111 2054 Beati
1129 2031 1198 2054 Petri

139 2063 292 2093 Exoniensis,
312 2065 351 2088 vel
369 2065 428 2088 alibi
447 2068 517 2088 extra
533 2066 615 2088 locum
633 2065 819 2089 Jurisdiccionis
840 2072 889 2088 sue.
925 2064 999 2092 Dicit,
1020 2066 1112 2092 tamen,
1131 2063 1198 2092 quod

139 2095 260 2120 Officiales
271 2097 508 2121 Archidiaconorum
525 2098 652 2128 assignant
664 2097 798 2121 Advocatis
810 2097 877 2121 diem
893 2096 920 2120 in
933 2096 1041 2120 Ecclesia
1053 2095 1196 2120 Cathedrali

138 2131 281 2160 memorata,
300 2130 331 2154 ad
348 2130 535 2154 informandum
552 2138 593 2154 eos
610 2130 636 2154 in
648 2130 742 2154 Causis.
