1328 2295
121 134 167 170 16
313 143 392 169 THE
417 142 600 169 REGISTER
626 142 675 169 OF
701 142 842 169 BISHOP
869 141 1096 169 STAPELDON.

246 221 330 246 latera
342 221 434 246 directa
446 220 563 252 Episcopo
580 220 741 245 Bathonicnsz
752 230 793 245 :—

180 255 330 285 Venerabili,
343 257 398 284 etc.,
407 255 516 278 Domino
529 254 648 282 Waltero,
658 254 706 277 Dei
717 253 798 284 gracia
807 253 970 278 Bathoniensi
982 256 1008 278 et
1020 254 1139 278 Wellensi
1151 254 1282 286 Episcopo,

212 295 282 318 suus,
300 289 355 318 etc.,
374 287 477 311 Electus
501 287 659 315 Exoniensis,
677 286 786 310 salutem
807 287 956 311 ete—Cum
978 295 1063 318 preces
1085 290 1184 311 nostras
1208 288 1284 311 alicui

212 321 344 351 dirigimus
356 328 405 351 que
417 328 431 344 a
442 319 547 343 racionis
565 319 667 343 tramite
681 327 732 342 non
749 319 859 349 deviant,
872 321 911 343 set
924 322 986 343 sunt
997 320 1029 344 ab
1040 320 1083 344 illo
1095 320 1136 344 cui
1147 320 1279 344 scribimus

211 361 243 377 ex
253 353 363 385 quadam
375 353 484 376 naturali
495 352 650 383 gratitudine
662 351 741 375 eciam
758 352 825 382 apud
837 352 915 376 alium
927 353 1017 376 merito
1029 353 1206 384 promovende,
1218 355 1282 377 tunc

212 386 362 410 fiducialiter
374 386 471 415 agimus
483 387 509 409 et
519 385 695 408 indubitanter
704 384 828 408 cred-imus
838 385 958 409 exaudiri.
985 385 1058 415 Cum,
1066 386 1151 416 igitur,
1161 386 1280 416 Magister

212 419 321 443 Thomas
330 419 361 442 de
371 418 545 447 Haselschaue,
554 425 631 448 nepos
638 416 739 445 vester,1
748 417 786 440 vir
795 417 884 448 utique
892 417 1022 441 literarum
1030 418 1134 442 sciencia
1141 420 1167 442 et
1176 418 1280 442 diversis

212 452 339 476 virtutum
350 451 433 475 titulis
444 451 587 481 insignitus,
600 450 659 473 bina
670 449 723 473 vice
736 449 918 474 canonicatum
930 452 955 474 et
965 450 1121 475 Prebendam
1132 451 1159 474 in
1172 451 1282 475 Ecclesia

213 486 297 508 vestra
325 484 469 508 Cathedrali
496 483 616 507 Wellensi
638 484 775 511 3550031115,
800 483 833 506 3(1
864 485 978 506 vestrum
1006 483 1191 514 beneplacitum
1215 484 1282 515 ipsos

213 517 342 546 dimiserit,
355 518 388 545 01,
398 517 430 540 (10
440 516 564 540 Canonico
576 515 658 539 factus
671 523 722 539 non
732 515 880 543 Canonicus,
890 516 923 539 ad
934 523 1035 546 presens
1047 516 1116 540 omni
1127 516 1280 540 Canonicatu

214 552 297 574 careat
320 551 346 573 et
368 549 506 578 Prebenda,
530 550 640 572 vestram
663 550 776 571 sanctam
801 548 984 572 Paternitatem
1007 551 1063 573 toto
1086 549 1167 573 cordis
1189 549 1281 573 affectu

212 582 343 606 humiliter
354 582 517 613 imploramus
529 581 650 612 quatinus
662 581 752 604 merita
769 582 795 604 et
811 580 1028 612 propinquitatem
1040 582 1168 612 sanguinis
1177 590 1280 613 persone

212 615 290 646 ipsius
302 615 416 645 Magistri
433 614 529 638 Thome
546 616 572 638 et
589 614 636 637 alia
651 613 796 644 supradicta
809 614 837 637 in
854 614 947 637 mentis
965 614 1086 644 examine,
1099 622 1150 638 non
1164 615 1278 646 perfunc-

213 648 277 672 torie
292 649 331 671 set
348 647 481 678 diligenter
497 649 524 671 et
545 646 634 670 intime
657 646 821 676 revolventes,
839 648 866 670 et
883 654 946 677 equo
963 647 1094 671 libramine
1111 647 1281 671 favorabiliter

214 681 388 712 ponderantes,
401 680 433 703 de
450 680 603 704 Canonicatu
621 681 648 703 et
663 679 816 703 Prehenda
809 687 836 702 111
848 679 935 703 eadem
954 680 1070 708 Ecclesia,
1084 682 1115 704 ut
1130 680 1259 704 creditur*
1253 688 1279 704 111

212 713 327 745 proximo
346 713 478 743 vacaturis,
496 712 596 744 rejectis
613 711 763 735 inordinatis
782 712 897 743 precibus
915 712 1030 740 aliorum,
1050 713 1180 743 providere
1196 713 1280 736 velitis

212 746 311 770 intuitu
331 745 448 770 caritatis.
483 745 518 774 Si,
537 753 602 775 vero,
622 745 691 776 quod
709 744 781 774 absit,
797 745 907 768 eundem
924 748 1042 776 nepotem
1057 748 1177 775 vestrum,
1193 748 1277 769 vestro

213 781 335 811 perpetuo
358 778 392 802 sic
412 778 557 802 dimiseritis
577 785 628 801 non
649 777 831 802 Canonicatum
851 779 878 801 et
897 778 1083 808 quodammodo
1103 778 1184 809 capite
1207 778 1279 802 dimi-

213 814 314 841 nutum,
334 811 464 835 honestius
484 812 550 834 esset
572 810 642 834 vobis
665 812 692 834 et
714 810 761 833 sibi
782 810 867 841 ipsum
886 818 1018 841 nunquam
1039 811 1194 835 Canonicum
1216 811 1279 834 exti-

213 845 290 872 tisse:
308 844 376 873 (11011,
403 844 477 873 enim,
504 843 597 867 Seneca
619 843 697 866 nichil
723 850 760 866 ess
762 851 775 866 e
797 843 921 866 infelicius
950 851 1027 874 quam
1054 844 1178 867 recordaii
1200 844 1278 867 fuisse

213 877 330 901 felicem·
324 895 330 906 ,
354 876 462 900 maxime
480 884 538 900 cum
556 876 624 899 idem
642 875 761 906 Magister
781 875 890 899 Thomas
913 875 991 900 fuerit
1008 876 1114 900 honesta
1130 878 1156 900 et
1178 876 1279 900 11101313

215 917 319 941 persona
330 909 450 940 vobisque
462 909 596 933 domestica
612 908 675 932 etin
691 908 805 939 proxima
820 908 886 932 linea
902 909 1126 939 consanguinitatis
1141 909 1276 940 attingens,

213 945 240 967 et
256 942 393 973 Apostolus
408 942 471 965 dicit
488 942 557 972 quod
573 941 594 965 si
614 941 670 971 quis
687 948 790 964 suorum
807 943 833 964 et
850 941 959 964 maxime
976 942 1170 966 domesticorum
1194 949 1280 965 curam

213 983 265 999 non
277 975 361 1004 habet,
380 974 468 998 Fidem
485 976 562 1005 negat
576 976 603 997 et
620 976 658 997 est
673 973 782 997 deterior
796 973 898 997 infideli.
934 974 1003 1003 Quis,
1015 975 1089 1004 enim,
1103 975 1280 998 Successorum

214 1010 356 1032 vestrorum
367 1009 413 1030 aut
424 1007 530 1030 aliorum
548 1006 729 1037 Episcoporum
741 1006 825 1036 ipsum
839 1006 969 1037 reputabit
980 1007 1086 1037 dignum
1097 1009 1128 1031 ut
1136 1007 1279 1038 preficiatur

214 1041 241 1065 in
264 1040 374 1064 Ecclesia
397 1039 547 1068 Cathedrali⁷
566 1039 594 1069 51,
616 1039 737 1069 promotis
756 1039 881 1062 extraneis
902 1039 929 1062 111
948 1039 1058 1063 Ecclesia
1074 1042 1157 1064 vestra
1175 1040 1279 1077 ipsoque

214 1073 373 1105 pretermisso
385 1072 417 1096 ad
429 1072 576 1103 hujusmodi
589 1071 774 1102 promocionem
791 1071 875 1102 ipsum
892 1071 1025 1102 indignum
1041 1073 1213 1104 judicaveritis
1224 1073 1278 1103 ipso

215 1107 290 1130 facto
325 1105 378 1129 Nec
398 1105 500 1128 videtur
519 1104 590 1128 nobis
606 1104 675 1141 quod
692 1112 850 1135 quecumque
870 1112 975 1135 persona
992 1105 1040 1128 alia
1057 1113 1083 1129 se
1099 1106 1169 1136 justo
1184 1105 1279 1136 judicio

215 1140 332 1170 reputare
344 1138 447 1161 debebit
464 1137 591 1166 offensam,
602 1137 630 1166 si,
647 1137 811 1167 pretermissis
829 1137 944 1174 precibus
960 1137 1073 1168 aliorum,
1091 1138 1174 1169 ipsum
1189 1138 1279 1169 Magis-

214 1174 285 1196 trum
296 1171 418 1195 'rhomam
430 1170 604 1201 piomoveiitis
616 1172 646 1193 111
664 1170 780 1200 petimus,
794 1170 826 1193 ad
845 1170 919 1201 cujus
935 1170 1119 1201 promocionem
1131 1173 1171 1194 tot
1183 1173 1209 1194 et
1220 1171 1281 1194 talia

215 1204 299 1236 previa
310 1203 407 1227 racione
419 1211 463 1226 vos
475 1203 606 1226 inducunt.
643 1202 779 1233 Suscipere,
790 1202 874 1232 igitur,
884 1204 910 1226 et
927 1203 1045 1226 exaudire
1059 1204 1178 1234 dignetur
1195 1206 1278 1227 vestia

216 1239 301 1261 sancta
310 1236 452 1260 Paternitas
461 1235 505 1259 has
517 1243 601 1266 preces
610 1237 715 1265 nostras,
728 1243 759 1258 110
771 1235 846 1258 scisco
859 1235 1008 1266 dampnosas
1020 1238 1065 1259 aut
1073 1236 1126 1267 juri
1135 1236 1278 1266 0001131135,

215 1270 293 1293 immo
304 1269 390 1300 pocius
402 1268 471 1292 omni
483 1275 590 1292 consona
601 1267 700 1291 racioni.
736 1268 771 1291 Et
787 1275 833 1291 nos
850 1268 920 1291 vobis
937 1268 969 1291 ad
984 1268 1075 1292 similia
1086 1269 1125 1292 vel
1138 1269 1240 1299 majora,
1252 1269 1279 1292 in

215 1302 291 1327 simili
299 1302 339 1325 vel
352 1301 442 1332 majori
459 1309 524 1330 casu,
537 1300 661 1329 volumus,
674 1300 814 1323 efficiaciter
826 1300 947 1331 obligari,
942 1308 946 1313 ·
966 1301 998 1324 ad
1013 1301 1159 1325 memoriam
1175 1302 1277 1325 nichilo-

215 1335 306 1364 minus,
317 1334 337 1358 si
348 1334 432 1362 libeat,
445 1334 593 1357 leducentes
605 1333 780 1363 promissiones
792 1335 886 1356 vestras
901 1341 975 1363 super
990 1334 1148 1364 promocione
1164 1334 1278 1365 Magistri

213 1368 261 1399 Wy
263 1367 329 1391 berti
337 1367 368 1390 de
378 1367 520 1397 Lytletone,
531 1366 557 1389 in
569 1365 696 1396 presencia
705 1365 807 1389 Domini
818 1365 993 1390 Archjdiaconi
1003 1366 1139 1396 Wellensis,
1149 1370 1242 1397 nostia,
1252 1370 1278 1391 et

214 1401 327 1429 aliorum,
336 1399 404 1430 apud
413 1399 605 1430 Wyvelescome,
616 1398 675 1421 alias
685 1398 750 1421 bona
758 1398 807 1421 fide
816 1406 874 1429 sepe
885 1398 970 1422 factas.
998 1399 1048 1422 Et
1041 1407 1067 1422 111
1076 1400 1152 1423 verbo
1164 1400 1278 1424 veritatis

213 1433 283 1457 vobis
295 1432 402 1456 dicimus
415 1432 482 1462 quod
494 1431 614 1462 premissa
631 1431 714 1454 omnia
726 1433 752 1454 et
763 1431 861 1461 singula
873 1439 941 1454 mero
957 1433 1029 1455 motu
1047 1432 1118 1456 vobis
1137 1433 1276 1464 scribimus,

212 1474 257 1497 per
269 1472 454 1496 quamcumque
469 1471 600 1495 personam
616 1463 719 1486 minime
732 1463 865 1494 procurati.
900 1464 1066 1488 Voluntatem
1082 1466 1192 1489 vestram
1204 1473 1279 1496 super

213 1498 262 1522 hiis
274 1498 335 1521 scire
347 1497 462 1528 cupimus
474 1504 533 1520 cum
544 1499 626 1520 vestre
638 1496 789 1519 Patemitati
801 1496 930 1526 placuerit,
943 1497 1029 1527 pocius
1044 1505 1088 1528 per
1099 1498 1278 1528 experienciam

213 1531 275 1555 faeti
292 1537 369 1561 quam
386 1537 430 1560 per
447 1529 543 1553 Literas
558 1531 604 1552 aut
620 1537 665 1559 per
681 1529 772 1557 verba;
790 1529 872 1559 parati
888 1537 932 1567 pro
949 1530 1044 1553 viribus
1060 1530 1092 1554 ad
1106 1533 1189 1554 vestra
1204 1531 1277 1555 bene-

214 1563 305 1595 placita
317 1562 629 1594 prosequenda-Datum
642 1562 710 1593 apud
722 1561 894 1592 Farendoue,·
887 1562 923 1593 iiij
937 1562 977 1586 die
991 1562 1183 1594 Augusti—sol.
1197 1561 1232 1588 51³.

246 1621 330 1644 Litera
341 1620 432 1644 directa
445 1618 589 1644 cardinali.
588 1628 626 1636 ⁴—

182 1653 332 1682 Venerabili,
350 1655 407 1682 01οἿ
428 1652 537 1676 Domino
554 1652 657 1680 Thome,
676 1653 731 1681 etc„
754 1651 913 1676 Sacrosancte
933 1652 1045 1676 Romane
1068 1653 1177 1677 Ecclesie
1193 1654 1279 1678 Titulo

216 1687 307 1712 Sancte
319 1685 410 1710 Sabine
422 1685 563 1708 Pxesbitero
577 1684 710 1713 Cardinali,
719 1692 786 1714 511115,
797 1687 851 1714 010.,
865 1685 997 1715 Walterus,
1006 1686 1155 1710 Exoniensis
1167 1687 1277 1718 Electus,

215 1719 331 1748 salutem,
350 1720 395 1742 etc
401 1718 471 1742 -Ut
487 1717 564 1747 vobis,
584 1719 706 1748 tanquam
724 1703 859 1748 Ρ111101Ρ311
882 1718 989 1741 Domino
1007 1720 1033 1742 et
1056 1719 1197 1743 Promotori
1213 1728 1276 1750 meo,

215 1754 329 1776 constare
342 1751 424 1774 valeat
440 1750 501 1787 quid
517 1750 581 1774 circa
595 1752 692 1773 statum
707 1757 793 1773 meum
808 1750 892 1781 agitur
909 1750 956 1774 11115
972 1750 1067 1781 diebus,
1080 1751 1177 1782 placeat
1193 1753 1279 1776 Pater-

216 1784 292 1808 nitati
314 1786 396 1807 vestre
419 1783 481 1806 scire
503 1783 572 1813 quod
595 1783 654 1806 Dies
672 1783 820 1806 Dominicus
842 1783 868 1806 in
887 1783 1020 1812 Quindena
1042 1783 1128 1807 Sancti
1148 1784 1276 1809 Michaelis

216 1817 258 1848 [13
272 1816 338 1846 Oct]
355 1815 465 1847 prefixus
481 1818 520 1839 est
536 1815 645 1839 Domino
661 1815 748 1839 Electo
760 1815 934 1846 Wygorniensi
947 1818 1024 1846 atque
1040 1816 1116 1840 miehi
1131 1825 1176 1847 pro
1192 1820 1277 1842 nostra

217 1849 408 1874 Consecracione
420 1848 446 1871 in
459 1848 569 1871 Ecclesia.
581 1847 757 1872 Cantuariensi
775 1848 898 1872 Canonice
914 1848 1079 1878 admittenda,
1092 1856 1137 1873 nec
1149 1850 1221 1880 potui
1232 1858 1278 1881 plo

216 1890 272 1906 mea
286 1881 477 1907 Consecracione
496 1881 588 1904 habere
603 1880 742 1905 terminum
759 1880 904 1910 breviorem,
916 1881 975 1905 licet
990 1889 1035 1912 per
1051 1889 1092 1905 me
1104 1884 1169 1906 esset
1180 1882 1278 1908 brevior

117 1988 126 2003 ¹
145 1989 185 2013 He
201 1995 251 2012 was
267 1995 313 2011 one
330 1987 357 2011 of
373 1986 417 2010 the
433 1986 572 2010 Executors
588 1986 613 2009 of
634 1985 672 2009 his
755 1985 815 2009 hear
833 1993 905 2009 cause
927 1985 1041 2010 between
1058 1987 1154 2011 Walter
1174 1988 1222 2012 Ore
1241 1989 1278 2019 (or

150 2021 230 2050 uncle,
244 2020 336 2051 Bishop
346 2020 441 2044 Walter
452 2019 483 2042 de
496 2018 671 2047 Haselschaue,
755 2017 841 2047 Oram)
854 2018 1008 2055 and-Canon
1022 2019 1130 2043 Thomas
1142 2021 1173 2044 de
1192 2021 1277 2045 Hasel-

151 2055 234 2078 whose
250 2060 382 2081 successor,
403 2052 471 2076 ,John
494 2052 526 2075 de
545 2051 669 2074 Drokens-
753 2050 834 2074 schaw
842 2050 881 2074 for
889 2051 1046 2080 violenee‚18
1057 2052 1110 2076 Kal.
1118 2053 1278 2083 Jun.‚1318”

150 2087 228 2116 forde,
247 2086 298 2109 “as
318 2085 395 2116 Papal
417 2083 526 2113 Judex‚''
552 2084 635 2107 issued
658 2091 672 2107 a
756 2084 806 2113 (see
825 2083 917 2114 Bishop
930 2084 1089 2108 Hobhouse’s
1107 2086 1152 2109 Ed.
1172 2086 1198 2109 of
1215 2087 1277 2111 Dro-

150 2119 315 2145 Commission
342 2118 356 2132 “
369 2120 396 2142 to
419 2117 490 2142 three
514 2116 619 2147 canons,
644 2118 671 2140 to
753 2116 893 2140 kensforcl’s
902 2116 1023 2148 Register,
1037 2117 1126 2150 pp.12‚
1140 2119 1189 2149 60).
