1328 2295
120 144 141 180 S
296 156 375 183 THE
401 156 592 183 REGISTER
618 157 665 184 OF
692 154 828 183 BISHOP
855 152 1094 183 STAPELDON.

185 412 386 438 REGISTRUM
399 412 446 436 DE
458 412 621 437 TEMPORE
634 412 800 437 MAGISTRI
815 413 975 437 WALTERI
988 413 1035 437 DE
1048 412 1282 441 STAPELDONE,

217 446 428 470 EXONIENSIS
463 446 627 475 EPISCOPI,
657 446 703 469 DE
736 446 871 470 LITERIS
908 446 1059 475 CLAUSIS,
1089 445 1210 469 FACTIS
1240 445 1282 468 ET

214 479 380 502 REOEPTIS
409 478 432 502 A
460 479 623 502 TEMPORE
653 478 952 504 CONFIRMACIONIS
981 478 1188 503 ELECCIONIS
1215 478 1281 502 SUE

217 512 332 541 USQUE
350 511 397 535 AD
417 511 740 535 CONSECRAOIONEM.
775 511 849 541 [AD.
869 511 979 542 1307-8].

250 569 334 593 Libera
351 569 443 593 directa
465 569 597 593 Carclinali
616 569 717 600 Anqlico
729 577 767 593 :—

184 602 326 627 Venerabili
338 602 364 625 in
383 602 483 626 Christo
501 602 571 626 Patri
582 610 610 625 ac
622 602 731 626 Domino
743 610 795 632 su0‚
809 602 918 626 Domino
930 603 1033 632 Thome,
1046 601 1094 626 Dei
1105 601 1186 633 gracia
1198 601 1284 625 Sacro-

216 638 301 659 sancte
326 635 438 659 Romane
457 635 566 658 Ecclesie
584 635 669 658 Titulo
688 635 778 659 Sancte
796 635 887 659 Sabine
905 636 1046 659 Presbitero
1068 634 1201 664 Cardinali,
1222 642 1283 658 suus

215 667 319 692 humilis
343 668 500 698 Capellanus,
524 668 659 698 XValterus,
677 668 840 699 permissione
864 669 986 699 Ejusdem
1006 667 1110 691 Electus
1134 667 1282 691 Exoniensis

215 701 386 730 confirmatus,
407 701 516 724 salutem
533 703 559 724 et
576 708 635 724 cum
655 701 723 724 omni
741 700 896 731 subjeccione
914 701 1030 725 debitum
1048 700 1284 724 famulatum.-Ex

215 734 335 764 preterita
358 733 529 757 benivolencia
548 735 630 757 vestre
654 734 809 761 Sanctitatis,
829 742 906 764 quam
927 734 953 757 in
974 734 1036 757 meis
1059 733 1161 764 agendis
1184 732 1282 763 repperi

217 766 317 790 noviter
332 766 496 796 fructuosam,
518 766 732 790 credens—immo
752 766 934 797 sciens—quod
957 766 1011 797 ipsa
1030 766 1177 790 Dominacio
1202 767 1285 788 vestra

215 799 395 830 jocundabitur
414 799 445 822 de
469 799 592 829 prosperis
615 799 769 822 successibus
789 799 851 823 meis
869 800 895 823 in
914 799 1016 828 futuris,
1032 801 1114 822 vestre
1131 797 1283 822 Paternitati

215 832 277 855 duxi
295 831 456 855 Presentibus
472 832 644 855 intimandum
662 832 730 862 quod
745 832 785 855 die
803 832 921 856 Mercurii
940 832 967 855 in
985 832 1093 855 crastino
1111 831 1180 855 Festi
1198 830 1284 855 Sancti

215 864 327 895 Gregorii
340 865 406 895 Pape
424 864 537 894 proximo
553 864 666 895 preteriti
686 864 727 895 [13
749 865 853 894 March],
866 865 892 888 in
911 865 1021 888 Ecclesia
1033 864 1201 888 Conventuali
1218 864 1285 887 Rad-

214 898 297 928 yngie,
317 897 369 920 fuit
389 897 487 920 Eleccio
507 898 538 921 de
553 905 594 920 me
614 897 681 921 facta
701 897 864 928 solempniter
883 897 1036 926 confirmata,
1057 899 1083 921 et
1102 896 1284 927 Temporalitas

214 930 380 961 Episcopatus
392 937 436 960 per
445 930 583 953 Dominum
593 930 687 961 Regem
698 930 767 960 apud
776 930 1029 954 VVestmonasterium
1041 929 1118 953 michi
1127 929 1232 953 liberata
1244 929 1284 952 die

216 963 320 986 Sabbati
343 964 406 986 tunc
427 965 548 993 sequente
567 963 609 992 [16
629 962 734 993 March}
781 963 991 994 Archiepiscopus
1009 965 1096 986 noster
1114 963 1145 986 ad
1165 962 1216 985 huc
1234 969 1284 985 non

214 995 324 1019 venitin
343 995 468 1025 Angliam,
485 1003 531 1018 nec
545 998 584 1019 est
597 996 665 1026 apud
682 1003 727 1019 nos
745 995 776 1019 de
794 998 862 1019 certo
879 998 992 1026 tempore
1009 996 1133 1019 adventus
1148 995 1187 1018 sui
1201 995 1285 1025 aliqua

214 1028 345 1051 certitudo.
383 1028 417 1051 Et
429 1028 544 1051 Monachi
557 1028 750 1052 Cantuarienses
762 1028 852 1052 dicunt
866 1029 934 1059 quod
951 1036 1001 1052 non
1014 1028 1163 1058 permittent
1174 1028 1284 1058 aliquem

216 1061 333 1084 Electum
347 1060 535 1084 Cantuariensis
544 1060 674 1084 Provincie
686 1061 746 1084 alibi
758 1069 835 1091 quam
847 1061 874 1084 in
887 1061 996 1085 Ecclesia
1007 1060 1181 1085 Cantuariensi
1191 1060 1284 1089 aliqua-

215 1094 273 1117 liter
285 1093 428 1117 consecrari.
464 1094 509 1117 Set
520 1093 567 1117 hoc
579 1094 655 1117 michi
667 1094 715 1117 erit
732 1094 804 1117 valde
820 1094 921 1123 durum,
935 1102 963 1117 eo
980 1094 1048 1124 quod
1065 1101 1123 1117 sum
1139 1093 1170 1116 ad
1182 1100 1284 1124 presens

214 1126 285 1157 quasi
297 1127 323 1150 in
336 1126 405 1157 puris
417 1128 443 1150 et
454 1126 537 1156 nudiS‚
550 1129 575 1149 et
588 1126 699 1150 Maneria
712 1126 883 1157 Episcopatus,
896 1127 928 1150 de
945 1126 1058 1150 instauro
1071 1126 1146 1155 nuda,
1159 1126 1190 1149 de
1203 1125 1283 1149 bladis

216 1159 300 1190 Regiis
329 1161 442 1190 tempore
470 1159 608 1182 vacacionis
636 1159 742 1182 excultis
771 1161 832 1183 sunt
861 1159 959 1183 vestita.
1005 1159 1108 1182 Tradidi
1143 1160 1284 1189 presentem

215 1192 326 1215 Literam
347 1192 499 1222 quibusdam
519 1192 625 1215 Nunciis
636 1192 743 1215 Abbatis
759 1194 785 1216 et
802 1192 950 1216 Conventus
961 1192 993 1215 de
1006 1191 1079 1221 Hida,
1093 1190 1283 1222 XVyntoniensis

215 1225 342 1255 Dyocesis,
359 1224 403 1255 qui
424 1224 531 1248 veniunt
548 1225 581 1248 ad
602 1225 704 1248 Curiam
721 1233 765 1255 pro
784 1225 932 1248 Sanctitatis
951 1227 1033 1248 vestre
1041 1224 1213 1248 benivolencia
1231 1231 1286 1254 cap-

214 1258 299 1287 tanda,
312 1260 342 1280 ut
358 1257 438 1286 credo,
451 1257 603 1280 sufficienter
618 1257 754 1281 informati.
790 1257 856 1281 Mala
872 1260 933 1281 sunt
952 1259 1067 1288 tempora
1087 1257 1135 1280 hiis
1153 1257 1241 1280 diebus
1257 1257 1284 1279 in

215 1290 312 1321 Anglia,
325 1292 401 1320 prout
417 1289 464 1320 ipsi
480 1290 573 1313 Nuncii
591 1292 616 1313 et
634 1290 675 1313 alii
694 1290 764 1313 vobis
781 1290 862 1313 dicere
882 1292 1002 1321 poterunt
1027 1290 1125 1320 plenius
1143 1289 1200 1313 viva
1217 1297 1282 1312 voce.

215 1323 257 1346 Ad
275 1322 384 1346 Ecclesie
406 1322 560 1346 Universalis
577 1325 602 1346 et
615 1323 730 1353 precipue
751 1323 887 1353 Anglicane
911 1322 1042 1353 [salutem]
1061 1324 1171 1346 vestram
1189 1322 1285 1345 Sancti-

214 1357 295 1379 tatem
307 1358 436 1378 conservet
444 1355 589 1378 Altissimus
601 1363 644 1386 per
654 1358 767 1385 tempora
779 1356 823 1379 diu
836 1358 862 1379 et
873 1363 989 1386 prospere
998 1355 1283 1386 processu1·a!—Datulu

218 1388 362 1414 Londoniis,
376 1387 419 1418 xiij
434 1388 560 1411 Kalendas
572 1388 664 1418 Aprilis
684 1388 725 1418 [20
739 1388 834 1417 March]
848 1396 853 1417 ;
871 1391 896 1412 et
913 1388 959 1412 hec
971 1390 1011 1412 est
1019 1388 1100 1419 prima
1112 1388 1196 1411 Litera
1208 1395 1285 1418 <piam

217 1421 298 1452 sigillo
310 1420 369 1444 huic
384 1421 497 1451 apposito
510 1421 617 1444 feceram
630 1421 853 1451 consignari—fol.
868 1422 889 1445 3.

250 1490 334 1514 Litora
345 1490 437 1514 directa
453 1491 568 1521 Episcnpo
585 1490 694 1515 ll'cllensi
702 1498 749 1521 pro
762 1490 876 1515 Johanne
887 1491 916 1515 de
928 1491 1048 1515 Bruecone
1060 1498 1100 1513 :—

185 1523 327 1548 Venerabili
347 1523 374 1546 in
394 1523 494 1547 Christo
518 1523 594 1553 Patri,
619 1523 728 1547 Domino
751 1524 881 1551 Waltero,=
901 1524 948 1547 Dei
972 1524 1053 1555 gracia
1073 1523 1236 1547 Bathoniensi
1261 1525 1287 1547 et

220 1556 340 1579 Wellensi
370 1556 500 1586 Episcopo,
525 1557 658 1586 Walterus,
682 1556 845 1587 permissione
866 1557 989 1588 Ejusdem
1013 1557 1115 1580 Electus
1138 1557 1286 1580 Exoniensis

219 1589 390 1618 confirmatus,
401 1589 508 1612 salutem
522 1589 711 1613 etc-Gratum
724 1589 875 1620 obsequium
890 1589 1020 1613 Altissimo
1032 1589 1157 1613 credimus
1169 1589 1286 1613 exhibere

219 1622 240 1645 si
258 1621 425 1645 Ecclesiarum
443 1621 662 1652 indempnitatem,
682 1622 788 1645 Prelatis
803 1622 977 1652 reverenciam,
994 1622 1110 1645 omnibus
1131 1630 1224 1653 pacem,
1241 1630 1286 1652 pro

219 1654 311 1677 nostris
331 1654 435 1683 viribus,
454 1662 621 1684 procuremus.
658 1655 723 1678 Sane
746 1655 784 1678 vir
804 1655 951 1678 venerabilis
970 1657 997 1678 et
1016 1654 1146 1684 discretim,
1167 1654 1287 1685 Magister

220 1687 235 1711 J
238 1687 348 1710 ohannes
360 1687 391 1710 de
404 1687 538 1716 Bruetcne,
549 1695 635 1710 versus
648 1687 749 1711 Curiam
762 1688 909 1717 Romanam,
919 1695 950 1711 ex
961 1687 1050 1711 multis
1062 1687 1149 1716 causis,
1162 1687 1188 1710 in
1200 1689 1286 1710 nostra

220 1719 337 1743 comitiva
354 1727 435 1750 nuper
454 1719 563 1750 dirigens
583 1727 681 1750 gressus
697 1728 762 1749 suos,
775 1720 943 1744 intencionem
959 1728 1031 1743 suam
1048 1720 1120 1750 quasi
1135 1720 1286 1743 incommut-

220 1752 319 1775 abiliter
337 1752 492 1782 disponebat,
515 1755 545 1775 ut
563 1752 584 1775 si
605 1753 739 1776 Ecclesiam
760 1753 791 1776 de
811 1752 1018 1782 Cristemelford,2
1036 1752 1112 1776 vestri
1130 1755 1286 1783 patronatus,

222 1785 248 1808 in
267 1785 341 1815 cujus
362 1785 515 1815 possessione
537 1787 598 1808 tunc
615 1785 742 1813 extiterat,
763 1793 813 1809 una
832 1793 890 1809 cum
909 1785 1060 1816 quibusdam
1079 1785 1133 1808 aliis
1148 1784 1286 1814 Beneficiis,

221 1824 252 1841 ex
265 1817 458 1848 Dispensacione
477 1817 618 1848 Apostolica
634 1818 722 1841 leviter
737 1818 827 1841 habere
844 1826 894 1841 non
913 1820 1003 1848 posset,
1015 1818 1096 1848 ipsam
1112 1817 1248 1841 Ecclesiam
1260 1817 1287 1841 in

222 1850 309 1873 eadem
328 1850 404 1874 Curia
418 1850 559 1873 dimitteret
577 1850 603 1873 in
619 1858 696 1874 manu
714 1851 781 1880 forti,
794 1853 820 1874 et
836 1851 863 1874 iu
873 1850 919 1874 tali
935 1851 1003 1881 quod
1021 1858 1153 1881 nunquam
1169 1850 1287 1881 Angliam

221 1883 333 1912 visitans,
346 1882 367 1905 si
379 1890 427 1913 que
440 1882 488 1906 sibi
499 1883 607 1906 deerunt
624 1891 668 1913 pro
680 1883 822 1907 retencione
834 1883 911 1914 ipsius
924 1883 1032 1907 Ecclesie
1044 1891 1093 1913 que
1104 1885 1165 1906 sunt
1173 1882 1246 1913 juris,
1259 1891 1287 1906 ea

223 1915 334 1946 suppleri
356 1915 450 1938 faceret
473 1923 502 1938 ex
526 1915 683 1945 plenitudine
706 1915 846 1946 potestatis,
870 1916 1002 1947 eidemque
1028 1915 1148 1946 Magistro
1175 1915 1287 1939 «Iohanni

223 1948 364 1971 dimittenti
384 1948 491 1971 honores
512 1948 572 1971 alios
593 1950 619 1971 et
638 1949 769 1972 commoda
791 1950 942 1979 procuraret.
980 1948 1179 1978 Considerantes,
1199 1948 1283 1979 igitur,

222 1981 291 2012 quod
311 1980 430 2011 premissa
453 1980 548 2010 absque
570 1980 723 2011 irreparabili
746 1981 883 2012 prejudicio
911 1981 988 2011 ipsius
1017 1980 1126 2004 Ecclesie
1154 1983 1287 2011 vestraque

223 2013 365 2042 offensione,
378 2013 484 2036 vinculis
496 2013 562 2043 pacis
574 2015 599 2036 et
617 2013 731 2037 karitatis
744 2021 774 2037 ex
792 2014 838 2037 hoc
856 2014 921 2037 forte
933 2013 1074 2044 aliqualiter
1086 2013 1221 2043 dissolutis,
1233 2013 1288 2037 fiem’

223 2054 273 2069 non
288 2046 413 2075 valebant,
426 2048 452 2068 et
468 2048 570 2076 propter
588 2046 635 2069 hoc
655 2046 795 2070 remedium
814 2046 887 2077 quale
906 2048 967 2069 tunc
983 2046 1113 2076 potuimus
1131 2046 1286 2076 adhibentes,

121 2145 129 2159 ²
150 2145 245 2170 Walter
257 2145 288 2169 dc
301 2144 470 2169 Haselschauc
490 2143 564 2175 (ΑΛ).
578 2145 756 2174 1302-1308).
842 2144 852 2159 ’·“’
871 2145 1125 2175 ΟΙιι·ἰεὶί·ιω-Μιῑ1ἕοι·(ἱ,
1140 2145 1221 2171 Wssts.
