1328 2295
376 156 544 184 GENERAL
574 154 916 182 INDEX—BOSHAM.
1176 147 1195 182 7
1201 146 1221 182 3

159 235 321 266 Dengleterre
338 237 365 259 et
383 235 504 265 Seigneur
529 234 667 258 Dirlaunde
687 235 714 257 et
737 233 793 257 Duc
810 233 987 264 Daquitaigne,
1005 242 1020 258 a
1042 241 1089 258 noz
1111 234 1182 259 chere
1199 237 1226 259 et

158 269 244 292 foiaux
256 268 336 291 Henri
347 268 378 291 de
390 268 531 291 Stauntone
547 270 573 290 et
589 275 627 290 ses
645 266 837 297 Compaignons,
850 266 961 291 Justices
973 266 1004 290 de
1016 268 1101 290 nostre
1112 267 1224 297 Baunke,

158 301 339 325 saluz.-Nous
356 308 418 324 vous
435 300 562 324 envoioms
578 307 628 323 une
645 301 766 330 enqueste
781 301 808 322 et
825 306 861 323 un
876 299 963 323 record
978 299 1177 324 ensemblement
1192 301 1225 324 od

159 334 246 358 Letres
257 334 380 357 dascunes
392 341 437 356 noz
449 332 559 356 Justices
570 334 597 356 et
609 332 761 362 Serieauntz,
774 332 818 355 des
830 339 916 362 queux
932 339 994 356 vous
1007 340 1128 363 enpurrez
1139 335 1225 356 meutz

160 369 225 390 estre
243 366 373 389 enfourme
393 366 428 389 du
445 365 503 389 Plee
520 373 569 396 que
585 367 647 395 pent
664 366 735 388 entre
752 372 816 388 nous
835 367 861 388 et
878 364 1008 388 lonurable
1025 365 1096 388 Piere
1111 373 1142 389 en
1159 365 1225 389 Dieu

159 399 275 429 levesque
287 399 318 422 de
328 398 445 428 Oicestre‚
457 398 580 422 touchant
592 399 677 421 nostre
689 397 801 421 Franehe
814 397 931 428 Chapelle
943 398 975 421 de
987 397 1118 426 Boseham,
1130 398 1151 421 si
1163 406 1226 422 vous

159 432 291 455 mandoms
308 439 357 461 qne
375 438 436 454 vous
453 438 484 454 en
500 438 558 461 eyez
575 430 628 454 avis
643 432 670 453 et
685 430 751 453 faces
766 429 856 459 ouum,
874 438 916 453 ceo
934 437 983 461 que
999 438 1061 454 vous
1077 438 1161 454 verrez
1177 438 1226 462 que

160 465 212 488 face
225 464 301 487 afaire
314 463 397 487 solone
408 463 441 487 loi
462 465 488 487 et
503 470 602 492 resoun,
615 465 722 486 sauvant
738 464 791 486 tote
808 462 857 486 foiz
873 465 958 486 nostre
974 463 1047 487 droit.
1083 463 1154 487 Done
1166 470 1226 487 souz

159 499 243 520 nostre
261 504 328 520 secre
347 496 397 520 Seal
417 504 431 519 a
449 496 572 526 Liverpol,
591 496 614 519 le
631 495 691 526 xxvj
706 494 765 525 jour
782 495 914 525 Dottobre,
931 495 971 519 lan
988 495 1020 519 de
1039 498 1123 519 nostre
1142 496 1226 527 Regne

159 529 251 560 xviij.
287 529 322 552 Et
333 537 380 559 sup
383 537 408 552 er
419 528 466 552 hoc
479 528 602 552 Dominus
614 528 669 551 Rex
681 528 750 551 misit
767 528 895 559 quandam
913 528 1109 559 Inquisicionem
1127 531 1226 559 captam

159 570 241 586 coram
254 562 285 585 H.
299 562 330 585 de
343 562 492 589 Stau,ntone
504 561 575 585 ζ1.(10
587 561 701 589 Stonore,
713 562 739 584 et
751 561 779 584 R.
793 561 824 584 de
836 560 1029 591 Malberthorpe,
1037 561 1106 592 apud
1118 561 1226 585 Bremel·

159 595 251 622 schete,
268 594 308 618 die
325 594 428 618 Veneiis
445 594 471 617 iu
491 594 599 617 crastino
619 593 766 617 Nativitatis
787 593 863 617 Beate
884 593 962 617 M-xrie
979 594 1089 624 Virginis
1112 594 1227 625 proximo

160 627 286 658 preterit-1,
304 635 348 657 per
365 626 571 651 Commissionem
590 626 625 650 eis
642 626 735 649 factam
753 633 796 656 per
815 626 843 649 Li
835 628 910 649 vstera
929 626 1017 657 Regias
1034 627 1161 656 Patentes,
1178 626 1226 650 sub

160 661 251 691 Magno
268 659 360 690 sigillo,
373 667 417 690 per
434 661 619 682 sacramentum
635 661 687 682 tam
702 658 815 682 Militum
829 666 906 689 quam
922 659 1028 682 aliorum
1044 659 1181 690 proborum
1200 662 1226 683 et

159 693 277 723 legalium
289 692 428 721 hominum,
442 695 495 715 tam
512 692 543 715 de
560 691 688 715 Comitatu
706 691 828 720 Sussexie,
842 692 867 715 in
884 699 934 722 quo
951 692 1063 722 predicta
1075 692 1184 715 Ecclesia
1196 692 1227 715 de

160 725 282 749 Boseham
300 725 347 748 sita
365 727 411 754 est,
430 732 506 755 quam
527 725 558 748 de
582 724 751 748 Comitatibus
775 724 971 755 Suthamptonie
991 727 1017 748 et
1036 724 1129 754 Surrie,
1146 724 1228 748 eidem

161 758 301 782 Comitatui
322 757 438 781 Sussexie
460 757 686 788 propinquioribus.
732 757 763 780 In
781 764 838 787 qua,
857 757 967 787 quidem,
986 757 1154 787 Inquisicione
1171 765 1228 781 con-

162 791 260 815 tinetur
282 790 350 821 quod
375 790 512 820 Capellaria
535 790 566 813 de
590 789 720 819 Boseham,
744 792 856 819 tempore
880 789 959 820 prime
988 790 1155 814 Fundacionis
1178 789 1230 814 fuit

161 825 278 854 exempta
290 825 316 846 et
327 822 455 852 immunis,
468 825 498 846 ut
516 822 603 846 Libera
623 822 724 852 Capella
739 822 821 852 Regis,
834 822 865 845 ab
882 822 951 845 omni
963 821 1144 846 Jurisdiccione
1157 823 1228 847 Ordi-

161 856 237 885 naria,
249 856 357 879 fundata
369 858 395 879 et
406 856 492 879 dotata
508 863 552 885 per
570 855 743 885 Progenitores
762 855 858 885 Regum
875 855 972 886 Anglie,
985 858 1011 879 et
1023 855 1116 879 situata
1133 855 1160 879 in
1177 855 1230 879 solo

161 888 235 919 Regis
252 889 297 918 qui
313 890 375 912 tunc
393 888 512 919 temporis
530 887 661 918 regnavit3
686 890 712 911 et
729 888 795 918 quod
816 887 920 918 quidam
940 888 994 911 Rex
1014 890 1101 918 postea
1120 887 1230 912 contulit

162 922 255 945 dictam
269 920 439 951 Capellariam,
453 928 501 951 que
514 928 581 944 nunc
594 920 739 943 nominatur
751 928 765 943 a
777 920 929 950 quibusdam
941 920 1052 944 Ecclesia
1063 921 1094 944 de
1106 921 1230 944 Boseham

162 954 261 978 cuidam
273 956 335 977 tunc
348 953 484 976 Exoniensi
501 953 630 983 Episcopo,
643 953 779 976 tenendam
791 953 839 976 sibi
851 955 877 976 et
895 953 1084 977 Successoribus
1096 953 1155 983 31113,
1168 954 1230 977 adeo

161 987 238 1010 libere
255 986 320 1009 sicut
338 986 416 1016 Reges
433 993 487 1009 eam
505 988 649 1009 tenuerunt.
694 985 729 1009 Et
746 985 814 1016 quod
832 993 917 1009 omnes
938 985 1099 1010 Prebendarii
1119 986 1230 1017 predicte

163 1019 307 1050 Capellarie,
317 1026 376 1042 eum
388 1019 476 1042 ceteris
492 1018 613 1042 ministris
631 1020 655 1041 et
674 1026 761 1041 eorum
778 1018 857 1047 1101113,
870 1026 884 1041 a
900 1020 1012 1049 tempore
1027 1026 1078 1049 quo
1094 1026 1144 1042 non
1160 1021 1231 1042 extat

162 1051 289 1081 memoria,
302 1051 408 1074 fuerunt
419 1051 530 1082 exempti
542 1053 568 1074 et
580 1051 705 1074 immunes
717 1058 732 1074 a
747 1051 763 1074 J
767 1051 929 1074 urisdiccione
948 1051 1078 1075 Ordinaria
1090 1051 1228 1075 Diocesani.

163 1084 239 1113 Misit,
263 1084 347 1113 eciam,
372 1084 495 1107 Dominus
524 1084 577 1107 Rex
606 1083 747 1107 Recordnm
774 1083 907 1113 cujusdam
927 1083 1025 1114 loquele
1052 1084 1138 1108 habite
1166 1084 1233 1108 inter

164 1117 302 1141 Dominum
314 1116 475 1145 Edwardum,
487 1117 615 1147 quondam
628 1116 721 1146 Regem
734 1116 829 1146 Anglie,
843 1116 944 1139 Patrem
956 1116 1058 1140 Domini
1070 1117 1144 1147 Regis
1156 1124 1231 1146 nunc,

163 1152 189 1173 et
201 1149 348 1178 Robertum,
361 1150 489 1180 quondam
501 1149 722 1179 Archiepiscopum
741 1149 948 1172 cantuariensem
963 1156 1046 1172 coram
1057 1149 1111 1180 ipso
1123 1149 1232 1173 Domino

163 1183 236 1212 Rege,
250 1182 331 1211 Patre,
344 1184 397 1210 etc,
413 1182 486 1205 Anno
499 1182 577 1212 Regni
595 1181 634 1204 sui
650 1181 774 1204 tricesimo
792 1181 909 1211 seeundo,
922 1182 952 1204 de
965 1182 1060 1205 Placito
1071 1190 1148 1213 quare
1164 1182 1232 1205 idem

164 1214 370 1245 Archiepiscopus
394 1215 417 1237 in
443 1214 551 1237 Ecclesia
575 1214 660 1237 Sancti
689 1213 805 1243 Oswaldi,
827 1214 989 1243 Gloucestrie,
1010 1222 1059 1245 que
1082 1217 1120 1238 est
1143 1214 1233 1238 Libera

165 1247 264 1278 Capella
282 1247 353 1278 Regis
371 1247 402 1270 de
420 1247 560 1270 elemosinis
575 1246 767 1276 Progenitorum
782 1246 863 1277 Regis,
876 1247 1004 1277 quondam
1021 1248 1119 1278 Regum
1134 1247 1232 1277 Anglie,

164 1280 277 1308 fundata,
299 1282 325 1303 et
344 1287 392 1309 que
409 1280 440 1302 ab
458 1279 526 1302 omni
544 1279 724 1303 ι1111131110010110
746 1279 877 1303 Ordinaria
897 1281 1013 1310 exempta
1032 1282 1070 1303 est
1087 1280 1189 1310 penitus
1206 1282 1233 1303 et

164 1312 290 1341 immunis,
303 1313 319 1336 J
323 1312 510 1335 urisdiecionem
523 1312 681 1336 Ordinariam
698 1319 811 1335 exercere
823 1312 983 1342 presumpsit,
996 1312 1021 1335 in
1034 1312 1108 1343 Regis
1120 1314 1147 1336 et
1158 1312 1233 1343 Regie

164 1345 302 1375 Dignitatis
325 1345 501 1375 prejudicium,
519 1347 544 1368 et
567 1347 653 1368 contra
677 1344 875 1368 prohibicionem
899 1345 1009 1375 Regiam,
1027 1347 1073 1369 etc.
1118 1345 1149 1369 In
1172 1353 1231 1375 quo,

164 1378 391 1409 quidem,Recordo
403 1378 546 1401 continetur
558 1377 625 1408 quod
633 1377 649 1401 J
653 1377 763 1400 udicium
775 1383 851 1407 super
862 1377 909 1401 1100
920 1377 1049 1401 redditum
1060 1377 1109 1401 fuit
1122 1378 1234 1408 predicto

165 1410 273 1434 Domino
297 1410 365 1440 Regi,
386 1412 440 1439 etc,
467 1412 553 1433 contra
577 1409 718 1440 predictum
742 1409 970 1440 Archiepiscopum.
1007 1410 1080 1440 Item,
1109 1410 1233 1434 Dominus

166 1444 219 1467 Rex
241 1442 311 1466 misit
334 1443 455 1473 quasdam
480 1442 576 1466 Literas
603 1442 763 1473 quorundam
790 1442 1000 1472 Justiciariorum,
1023 1445 1050 1467 et
1072 1443 1179 1466 aliorum
1201 1443 1233 1467 de

166 1475 274 1500 Consilio
295 1475 367 1505 Regis
385 1475 558 1504 existencium,
577 1483 685 1505 quorum
702 1475 806 1498 cuilibet
823 1475 947 1498 Dominus
965 1475 1026 1505 Rex,
1044 1475 1077 1499 ob
1097 1475 1233 1506 pleniorem

69 1515 147 1535 501,20
167 1508 369 1532 informacionem
387 1516 461 1538 super
478 1508 594 1531 libertate
613 1507 713 1538 capelle
730 1507 841 1538 plediete
860 1507 1008 1537 habendam,
1019 1508 1088 1539 prius
1104 1508 1235 1532 mandavit

165 1541 240 1571 qnod,
259 1540 344 1564 habito
364 1543 478 1577 respectu
496 1540 527 1563 ad
548 1540 671 1571 piedictas
688 1540 828 1563 evidencias
851 1542 962 1564 ostensas
983 1543 1009 1564 et
1031 1541 1170 1571 propositas
1190 1549 1233 1571 pro

165 1574 273 1597 Domino
286 1573 358 1603 Rege,
372 1575 397 1596 et
410 1573 517 1596 maxime
530 1573 555 1596 iu
568 1573 680 1603 predicto
693 1573 787 1596 Placito
804 1573 870 1596 inter
885 1573 970 1610 ipsum
985 1573 1124 1597 Dominum
1140 1574 1233 1604 Regem

165 1609 191 1630 et
202 1606 343 1637 predictum
355 1606 391 1629 A1
393 1605 565 1629 chldiaconum
578 1608 655 1635 moto,
667 1606 736 1636 quod
750 1605 826 1629 iidem
838 1605 854 1629 J
857 1605 984 1635 ustlclaru,
994 1608 1020 1629 et
1031 1606 1074 1629 alii
1085 1606 1116 1630 de
1125 1606 1234 1630 Consilio

166 1639 201 1662 Re
203 1638 247 1669 gis,
262 1638 407 1668 singillatim
419 1638 583 1661 iescribereut
600 1624 707 1662 Domino
719 1638 788 1668 Regi,
803 1646 842 1667 au,
856 1638 957 1668 scilicet,
970 1638 1061 1662 mel-ius
1077 1638 1234 1662 intenderint

166 1671 259 1695 dictam
272 1671 407 1694 Ecclesiam
419 1671 450 1694 de
463 1671 584 1694 Boseham
600 1678 652 1694 0330
671 1670 785 1694 Liberam
802 1671 928 1701 Capellam
946 1671 1049 1694 Domini
1063 1671 1144 1702 Regis,
1157 1678 1234 1702 quam

166 1712 222 1727 nou.
259 1704 293 1727 Et
313 1711 387 1733 snper
406 1703 454 1726 hiis
474 1703 577 1733 quidam
595 1703 732 1727 Justiciarii
750 1705 776 1726 et
792 1703 834 1726 alii
855 1703 886 1727 de
903 1703 1018 1734 Consilio,
1039 1705 1094 1734 etc„
1111 1704 1236 1728 miserunt

167 1737 263 1760 Literas
274 1744 331 1759 suas
344 1736 451 1759 Domino
464 1736 525 1766 Regi
536 1735 562 1759 in
575 1736 655 1759 forma
666 1735 850 1766 subscripta:—

137 1768 214 1793 Tenor
231 1769 308 1792 Litere
329 1768 439 1792 Willelmi
456 1768 485 1792 de
501 1768 637 1798 Beresorde,
652 1768 773 1798 Capitalis
788 1768 934 1792 Justiciarii
945 1768 974 1793 de
991 1768 1081 1799 Banco,
1094 1769 1151 1794 talis
1161 1772 1234 1799 est,—

166 1801 322 1825 Treshonure
335 1801 559 1831 Seigneur‚—-vous
571 1801 637 1831 plese
653 1809 723 1824 sever
740 1809 788 1831 que
803 1801 825 1824 ie
841 1809 871 1831 ay
884 1809 956 1825 reeeu
968 1809 1014 1825 voz
1027 1802 1132 1831 Lettres,
1144 1810 1189 1833 per
1200 1802 1235 1825 les

167 1834 252 1865 queles
270 1841 331 1857 vous
347 1841 432 1857 mavez
449 1834 540 1856 mande
556 1836 581 1857 et
598 1833 700 1864 chargez
718 1841 762 1864 par
778 1833 814 1857 103
828 1836 952 1858 sermentz
969 1842 1019 1865 que
1035 1834 1058 1858 ie
1072 1842 1134 1858 vous
1150 1835 1173 1858 ai
1190 1834 1237 1858 fait

167 1874 223 1897 que,
236 1869 312 1897 eyant
323 1866 424 1896 regarde
437 1874 463 1889 as
475 1866 603 1889 evidences
621 1874 669 1896 que
687 1868 744 1889 sont
761 1868 863 1889 trouvez
877 1869 903 1890 et
917 1866 989 1890 botez
1005 1874 1068 1897 pour
1083 1875 1145 1891 vous
1157 1875 1201 1891 sur
1212 1867 1236 1891 la

168 1899 290 1922 franchise
313 1899 344 1922 de
368 1898 464 1929 lesglise
488 1899 519 1922 de
542 1898 671 1927 Boseham‚
692 1898 716 1921 la
738 1899 811 1929 quele
834 1907 896 1922 vous
918 1900 1041 1923 entendez
1063 1902 1129 1924 estre
1151 1902 1235 1923 vostre

170 1931 280 1955 Franche
297 1931 421 1961 Chapelle,
440 1939 489 1961 que
506 1934 564 1954 sont
581 1933 704 1954 contenuz
722 1939 751 1954 011
770 1931 804 1954 les
823 1931 931 1955 Records
948 1934 974 1955 et
992 1932 1080 1956 Preces
1098 1933 1142 1956 des
1159 1932 1235 1956 Pledz

169 1972 217 1994 que
230 1966 277 1987 unt
289 1966 340 1987 este
352 1971 383 1987 011
395 1966 477 1987 vostre
490 1963 600 1992 Baunke,
611 1966 681 1986 entre
693 1971 762 1992 vous,
772 1964 832 1993 Sire,
842 1966 869 1987 et
881 1964 973 1987 Mestre
986 1964 1081 1988 Robert
1092 1965 1123 1988 de
1136 1965 1234 1996 Leyset,

168 1996 322 2019 Arcediakne
338 1997 369 2019 de
387 1996 503 2024 Cicestre,
519 1998 544 2019 et
559 1996 650 2019 Mestre
669 1996 764 2019 Robert
779 1996 810 2019 de
828 1997 939 2020 Endrebi
954 2004 999 2020 3011
1016 1997 1118 2027 official,
1130 2000 1157 2021 et
1172 1997 1236 2021 celui

169 2037 217 2059 que
229 2037 270 2052 ore
282 2031 320 2052 est
332 2036 362 2051 011
379 2029 481 2052 meisme
499 2028 521 2052 le
538 2029 647 2058 Baunke,
661 2031 731 2052 entre
746 2036 814 2058 vous,
828 2029 888 2058 Sire,
901 2031 927 2052 et
939 2029 1054 2060 levesque
1069 2030 1100 2053 de
1118 2029 1234 2059 Cicestre,

169 2069 212 2084 sur
228 2061 331 2084 meismc
349 2061 372 2084 la
388 2061 519 2090 franchise,
537 2061 609 2084 feisse
626 2069 640 2084 a
658 2069 728 2084 saver
745 2069 759 2084 a
778 2064 861 2084 vostre
879 2062 1016 2092 Seignurie,
1037 2062 1060 2085 le
1080 2062 1139 2093 quel
1159 2062 1177 2085 il
1195 2070 1235 2086 me

169 2093 262 2117 semble
275 2101 346 2117 menz
359 2101 407 2123 que
419 2094 469 2117 cele
483 2093 577 2124 Esglise
589 2093 638 2117 soit
654 2095 736 2117 vostre
749 2094 879 2117 Fraunche
898 2094 1006 2125 Chapele
1023 2102 1055 2118 ou
1073 2102 1174 2125 nemye:
1191 2102 1235 2118 sur

170 2126 242 2157 quele
255 2126 327 2150 chose
345 2126 411 2156 plese
429 2134 443 2150 a
459 2128 542 2150 vostre
558 2126 688 2157 Seignurie
703 2134 773 2150 saver
786 2134 834 2157 que
850 2126 873 2150 ie
888 2134 920 2158 ay
935 2127 1038 2158 regarde
1052 2127 1088 2151 les
1105 2127 1235 2152 evidences
