1328 2295
102 151 175 188 240

290 162 368 188 ΤΗΕ
397 162 580 189 REGISTER
608 162 656 189 OF
682 162 824 188 BISHOP
850 162 1085 189 STAPELDON.

168 239 208 264 Fr.
229 239 340 264 Richard
357 239 386 263 de
398 239 456 263 Albo
469 239 554 270 Doyto,
567 239 645 263 Monk
661 239 687 263 of
704 240 743 264 St.
756 239 863 264 Michael
874 240 899 264 in
911 240 1021 271 periculo
1033 240 1116 270 maris,
1128 248 1178 264 was
1195 240 1262 271 inst„

199 273 229 296 12
243 273 311 303 Sept.
324 280 330 301 ;
348 272 529 303 “presentibus
542 272 662 296 Nicholao
674 273 705 296 de
718 273 788 303 Hele,
800 273 913 296 Gilberto
925 273 956 297 de
968 273 992 297 la
1003 273 1109 304 Thorne,
1122 273 1223 304 clericis,
1235 277 1262 298 et

197 305 300 336 meipso,
310 305 415 329 Ricardo
428 305 459 329 de
468 306 633 336 Twyvertone
641 305 655 315 '¹
667 313 673 334 3
692 303 760 330 114¹).
796 306 835 329 On
844 306 926 329 whose
937 306 1090 337 resignation

165 338 206 362 Fr.
221 338 281 369 Oqer
293 338 322 362 de
334 336 432 369 Bueys,¹
444 338 504 361 alias
517 337 620 367 Cordon,
632 346 682 362 was
694 338 820 362 admitted
830 338 858 362 in
872 339 940 363 1319.

100 378 310 410 OTTERY-ST.
327 379 444 416 MARY‚
460 378 574 410 Viears
591 378 669 410 of—

164 423 204 446 Sir
217 423 333 453 G'eoffoey:
350 423 382 446 he
395 430 444 446 was
457 422 592 446 succeeded
604 422 638 453 by

164 455 204 479 Sir
216 456 283 480 John
294 456 323 479 de
337 455 510 484 Thormertone,
522 455 617 485 priest;
637 454 751 485 eollated,
765 455 793 479 11
808 455 880 484 Nov.,
894 456 956 479 1310
968 463 974 484 ;
993 454 1044 481 572'.

158 486 207 509 The
219 487 329 516 Bishop‘s
345 487 409 515 right
420 488 445 509 to
458 486 543 509 collate
554 493 602 509 was
614 486 736 515 disputed,
749 487 796 509 and
812 487 841 509 he
852 488 926 510 wrote
937 488 963 509 to
974 487 1140 516 Thermerton,
1153 487 1167 511 8
1178 488 1256 517 April,

189 517 254 545 1311,
267 517 351 545 telling
368 516 420 538 him
436 516 497 544 that,
511 516 627 545 although
645 516 682 538 his
694 516 866 545 Predecessors,
879 517 927 539 had
937 517 993 546 long
1004 518 1124 540 exercised
1133 518 1175 540 the
1186 518 1258 547 right,

187 547 229 569 the
244 547 270 569 D.
285 547 332 569 and
343 546 368 569 C.
383 546 408 568 of
425 546 516 574 Rouen,
529 553 555 568 as
566 552 623 568 soon
635 553 660 568 as
671 546 730 575 they
740 546 813 568 heard
825 546 851 568 of
859 546 900 569 the
912 547 984 569 death
996 547 1022 569 of
1038 547 1076 570 Sir
1087 547 1203 576 Geoffrey‚
1217 548 1258 570 the

186 577 234 599 late
246 577 286 605 V.‚
299 576 430 605 proceeded
446 577 471 598 to
488 577 584 605 present
602 576 746 605 “quendam
759 576 901 604 Magistrum
913 576 928 598 ,J
932 576 1056 605 ohannem,
1069 577 1162 599 dictum
1175 578 1259 600 Roma-

186 613 252 635 num,
266 606 434 635 presbiterum,
446 606 475 628 ut
485 606 658 632 asserebantur,
672 605 697 627 in
712 605 794 634 lingua
806 606 1007 628 Parochianorum
1019 606 1082 629 dicte
1093 607 1196 629 Ecclesie
1211 614 1260 630 non

186 638 320 665 expertum,
330 637 366 658 set
374 635 481 664 linguam
488 635 617 657 eorundem
626 635 722 664 penitus
731 636 887 663 ignorantem.
907 653 911 658 .

931 653 936 658 .
956 653 960 659 .
980 635 1028 664 Set,
1039 636 1259 666 quiapropteriny-

185 667 333 688 doneitatem
348 665 488 694 hujusmodi
498 665 629 694 presentati
640 665 716 694 ipsius
727 665 821 687 Viearie
833 665 937 688 Collacio
948 666 1023 688 eciam
1034 666 1064 688 ad
1074 673 1125 694 nos,
1142 666 1187 689 hac
1198 667 1256 696 vice,

187 696 316 718 secundum
330 695 427 718 Statuta
434 695 552 717 Canonica
563 694 669 723 legitime
677 695 796 723 devoluta,
808 702 836 717 cx
848 701 875 717 eo
886 695 989 717 maxime
998 695 1063 724 quod
1071 696 1144 724 juxta
1153 698 1259 719 mentem

190 725 377 749 Constitucionis
397 725 493 746 Domini
511 724 636 751 Octoboni,
651 724 772 753 quondam
789 725 813 746 in
824 725 912 753 Anglia
922 725 1062 754 Apostolice
1079 725 1147 748 Sedis
1165 726 1256 755 Legati,

186 763 257 785 super
272 755 317 777 hoc
336 754 408 782 edite,
426 754 591 776 admittendus
610 754 640 776 ad
657 754 797 782 hujusmodi
808 754 934 782 Vicariam,
949 755 980 776 ad
998 755 1147 783 personalem
1163 757 1187 778 et
1204 763 1257 778 con-

185 786 277 808 tinuam
294 785 448 807 resideneiam
460 783 595 806 faciendum
606 783 630 805 in
641 790 675 812 ea,
689 790 731 812 pro
743 784 819 812 ipsius
831 790 887 806 cura
897 785 1054 813 personaliter
1064 785 1219 813 agnoscenda,
1231 786 1257 808 iu

185 822 229 837 sua
246 815 330 837 saltem
350 814 493 836 admissione
509 813 630 842 corporale
647 814 752 842 prestare
767 813 855 836 habeat
868 814 1046 842 juramentum
1069 821 1118 842 nos,
1132 821 1259 843 personam

184 847 252 868 tuam
263 844 375 874 prosequi
386 844 510 872 cupientes
522 844 601 865 favore
613 843 689 871 gracie
700 843 817 872 specialis,
826 843 915 865 dictam
924 843 1044 866 vicariam
1053 844 1082 866 de
1091 844 1165 873 Otery
1172 844 1257 867 Sancte

186 875 268 902 Marie,
282 874 341 896 dum
351 875 431 896 tamen
443 873 519 901 ipsius
532 872 635 895 Collacio
646 872 675 894 ad
686 879 729 895 nos
743 873 801 895 alias
812 879 859 894 non
875 873 1000 902 pertineat,
1013 873 1066 901 tibi,
1079 880 1134 896 cum
1146 874 1258 897 omnibus

182 904 280 934 juribus
297 905 321 926 et
337 902 490 932 pertinenciis
507 902 557 924 suis
573 902 773 930 universis—jure
794 902 823 924 ad
835 909 886 931 nos,
900 904 927 925 ut
943 903 1099 931 premittitur,
1114 903 1257 926 devoluto-

185 934 329 957 conferimus
345 933 438 955 intuitu
449 932 555 954 caritatis
566 938 572 959 ;
589 933 613 954 et
623 932 647 954 te
658 932 809 954 instituimus
820 932 942 954 Vicarium
954 933 1101 961 Perpetuam
1111 933 1221 956 canonice
1232 934 1258 956 in

184 964 265 986 eadem
276 971 281 991 3
294 970 376 986 curam
387 962 520 984 animarum
532 963 556 983 et
567 962 670 990 regimen
678 961 784 990 ejusdem
795 961 849 990 tibi,
860 963 941 984 tenore
951 962 1110 991 Presencium,
1122 963 1147 985 in
1154 963 1257 986 Domino

184 993 354 1016 committendo
364 1000 369 1020 3
397 993 492 1020 recepto
514 998 527 1013 a
546 992 570 1013 te
594 991 732 1019 juramento
753 991 825 1020 quod,
851 991 923 1020 juxta
943 993 1048 1015 mentem
1070 992 1258 1016 Constitucionis

185 1023 299 1053 predicte,
312 1023 337 1044 in
349 1022 414 1044 dicta
425 1021 528 1049 Vicaria,
542 1022 570 1043 ut
581 1021 739 1050 premittitur,
752 1021 867 1043 residebis
875 1021 903 1050 '⁷3
921 1021 957 1045 61.

94 1063 282 1099 PAIGNTON,
300 1061 413 1093 Vicars
436 1060 514 1092 of—

158 1107 198 1131 Sir
213 1106 321 1130 William
332 1105 361 1129 de
375 1103 471 1135 Οῑηεῃε2
483 1104 541 1127 died
552 1104 578 1127 in
592 1104 666 1128 1320:
684 1104 735 1127 and

159 1140 199 1164 Sir
216 1138 322 1163 William
340 1138 369 1162 de
380 1137 409 1161 N
410 1137 534 1166 orthwode,
547 1137 631 1167 priest,
644 1144 695 1160 was
715 1136 829 1165 collated,
843 1137 869 1160 in
889 1137 928 1160 his
948 1137 1060 1167 absence,
1074 1138 1102 1161 11
1116 1138 1191 1168 June,
1206 1139 1256 1164 and

190 1171 318 1200 inducted,
333 1172 363 1194 12
375 1171 450 1199 «June,
463 1170 496 1199 by
510 1170 644 1193 Precentor
656 1170 685 1193 R.
700 1170 730 1193 de
745 1170 871 1200 Coletone,
885 1170 1053 1202 Oommissary
1066 1179 1072 1201 3
1091 1172 1144 1196 150.

93 1213 270 1245 PARKHAM
287 1211 476 1253 [Parkha1n,
493 1210 586 1251 MS.]‚
602 1210 737 1242 Rectors
754 1210 833 1242 of--

159 1256 270 1281 Richard
282 1256 310 1280 de
322 1253 450 1287 Spekcotc,³
462 1262 511 1278 was
524 1255 551 1278 R.
566 1254 649 1278 before
661 1254 726 1278 A.D.
742 1255 812 1279 1298.

91 1348 100 1364 ’-
118 1347 264 1372 Reverendo
271 1346 297 1369 in
307 1345 407 1369 Christo
417 1344 521 1368 Patriae
529 1344 645 1373 Domino,

124 1380 233 1404 Domino
246 1379 363 1407 Waltero,
373 1377 419 1401 Dei
431 1377 512 1407 gracia
522 1377 646 1407 Episcopo

124 1411 267 1441 Exoniensi,
281 1411 319 1434 sui
331 1410 439 1434 humiles
452 1412 477 1433 et
490 1409 574 1433 devoti
587 1410 644 1433 Fra-

123 1448 182 1475 tres,
194 1445 210 1469 J
213 1445 330 1472 ohannes,
344 1443 466 1474 Ejusdem
484 1442 645 1473 permissione

122 1478 209 1502 Abbas
221 1476 367 1501 Monasterii
384 1475 478 1499 Montis
496 1475 581 1498 Sancti
598 1475 644 1498 Mi-

124 1510 215 1534 chaelis
225 1510 256 1533 de
263 1508 373 1540 periculo
387 1508 469 1536 maris,
478 1507 644 1538 ejusdemque

122 1543 182 1567 Loci
192 1543 344 1570 Conventus,
354 1541 455 1565 Ordinis
467 1540 553 1564 Sancti
565 1540 643 1563 Bene-

122 1576 191 1605 dicti,
211 1574 372 1599 Abrincensis
391 1573 508 1602 Diocesis,
528 1573 644 1602 salutem,

122 1611 148 1633 et
170 1616 229 1632 cum
252 1607 321 1631 omni
343 1606 484 1630 reverencia
503 1608 529 1629 et
552 1606 645 1629 honore

120 1644 234 1673 paratam
250 1641 282 1664 ad
299 1640 355 1671 ejus
371 1639 527 1669 beneplacita
543 1638 644 1661 volunt-

121 1673 377 1698 atem—Reverende
394 1671 545 1695 Paternitati
563 1673 645 1694 vestre

121 1707 275 1737 Religiosum
287 1705 384 1733 Virum,
403 1705 517 1728 Fratrem
536 1704 645 1733 Ogerum

119 1740 150 1763 de
174 1740 264 1770 Bueys,
290 1738 349 1761 alias
378 1737 485 1766 Cordon,
510 1736 644 1760 Common-

121 1773 213 1796 achum
222 1773 337 1795 nostrum
347 1772 372 1794 et
381 1770 529 1800 professum,
540 1769 645 1792 latorem

121 1804 289 1833 Presencium,
313 1804 345 1826 ad
368 1810 453 1826 curam
479 1804 505 1825 et
533 1801 644 1832 regimen

122 1837 250 1861 Prioratus
262 1836 342 1860 nostri
359 1835 390 1858 de
403 1834 548 1863 Ottritonia,
561 1836 643 1857 vestre

122 1869 241 1898 Diocesis,
254 1868 365 1892 vacantis
377 1870 403 1891 et
414 1867 486 1891 liberi
497 1875 541 1897 per
553 1874 642 1897 puram

121 1905 148 1926 et
178 1902 282 1926 liberam
317 1900 511 1931 resignacionem
547 1899 642 1923 Fratris

121 1935 221 1959 Ricardi
238 1935 269 1957 de
281 1933 346 1957 Albo
358 1933 449 1964 DoytO,
464 1932 642 1955 Commonachi

121 1967 207 1996 nostri,
221 1974 301 1997 nuper
319 1966 410 1989 Prioris
427 1965 489 1988 dicti
505 1965 640 1993 Prioratus,

138 2009 164 2024 er
179 2000 224 2023 has
241 2001 339 2023 nostras
352 1998 448 2021 Literas
465 2000 639 2028 presentamus

118 2033 197 2062 vobis,
207 2031 336 2056 humiliter
343 2030 512 2061 supplicantes
521 2030 641 2060 quatinus

118 2066 216 2090 dictum
234 2065 349 2088 Fratrem
367 2065 477 2093 Ogerum
494 2063 525 2086 ad
543 2062 641 2085 dictum

119 2099 269 2127 Prioratum,
290 2096 370 2120 nostri
389 2095 477 2126 gracia,
500 2095 641 2125 benigniter

116 2130 266 2162 admittatis,
290 2129 338 2154 sibi
365 2136 451 2153 curam
474 2130 500 2152 et
528 2128 640 2160 regimen

731 1344 810 1374 ipsius
827 1344 937 1367 caritatis
949 1344 1046 1368 intuitu
1057 1346 1252 1371 committentes.

731 1377 799 1400 Bene
816 1379 842 1400 et
858 1377 901 1400 diu
914 1377 996 1401 valeat
1012 1378 1039 1401 in
1051 1378 1159 1402 Domino
1171 1382 1254 1403 vestra.

730 1410 871 1433 Paternitas
892 1410 1178 1435 Reverenda.-—Datum
1206 1412 1254 1436 sub

729 1442 810 1472 sigillo
828 1444 921 1472 nostro,
934 1443 974 1466 die
992 1443 1063 1467 Lune
1078 1446 1135 1474 post
1147 1444 1252 1469 Festum

730 1475 880 1498 Sanctorum
909 1475 997 1499 Jacobi
1022 1478 1048 1499 et
1071 1476 1251 1508 Christophori,

729 1508 803 1531 Anno
811 1508 913 1531 Domini
922 1508 960 1531 Μο
966 1508 1065 1532 000ωο
1072 1509 1252 1534 decimonono'’

730 1540 857 1602 [Stiinched
874 1541 901 1564 in
924 1541 1038 1565 between
1057 1541 1112 1566 fols.
1135 1543 1182 1566 152
1201 1543 1252 1567 and

731 1574 775 1597 153
789 1591 794 1596 .

697 1604 706 1619 ²
723 1608 769 1629 not
797 1606 810 1616 ‘¹
822 1605 932 1637 Olwye,’'
961 1614 987 1630 as
1014 1606 1041 1630 in
1070 1607 1174 1632 Oliver’s
1197 1608 1252 1633 List

729 1638 813 1662 Eccles.
828 1639 919 1669 Antiq.‚
931 1639 947 1668 i,
961 1638 1025 1668 176).

698 1670 707 1685 ³
726 1671 798 1694 “Pro
827 1671 926 1695 Rubcrto
954 1671 1158 1702 Gzffao·de‚—Rex
1181 1673 1250 1697 Vice-

730 1704 815 1727 comiti
837 1704 961 1727 Cornubie
981 1704 1250 1730 salutem—Volentes

729 1737 840 1760 Roberto
853 1737 969 1766 Giffarde,
982 1740 1055 1768 capto
1067 1740 1093 1762 et
1104 1738 1208 1762 detento
1223 1739 1249 1763 in

730 1769 829 1800 prisona
846 1771 932 1793 nostra
948 1770 979 1793 de
997 1770 1187 1795 Launcevetone
1204 1780 1249 1802 pro

728 1804 809 1825 morte
821 1802 920 1825 Ricardi
932 1802 963 1825 de
976 1802 1105 1833 Spekcote,
1119 1805 1247 1835 quondam

728 1835 836 1858 Persone
854 1834 962 1858 Ecclesie
980 1835 1011 1858 de
1028 1836 1161 1866 Parkham,
1179 1838 1247 1861 unde

727 1869 837 1890 rectatus
847 1869 892 1896 est,
901 1867 1008 1898 graciam
1017 1868 1097 1892 facere
1107 1869 1246 1900 specialem,

727 1900 775 1923 tibi
787 1900 937 1930 precipimus
947 1901 1021 1930 quod,
1032 1901 1053 1924 si
1064 1901 1131 1925 idem
1141 1902 1244 1926 Robert-

727 1940 756 1955 us
776 1932 899 1955 invenerit
918 1932 966 1956 tibi
986 1933 1137 1958 sufficientes
1156 1942 1244 1959 manu-

726 1967 845 1995 captores,
869 1965 912 1995 qui
935 1973 993 1989 eum
1014 1967 1191 1997 manucapiant
1213 1968 1245 1991 de

725 1998 847 2021 veniendo
859 1998 891 2021 ad
903 2006 956 2026 nos,
965 1999 991 2021 in
1004 1998 1095 2028 Scotia,
1103 2007 1161 2023 cum
1173 2000 1243 2031 equis

725 2032 751 2053 et
768 2030 850 2060 armis,
868 2030 962 2054 ibidem
979 2031 1111 2055 nobiscum
1128 2032 1155 2056 in
1173 2033 1241 2056 obse-

725 2063 814 2093 quium
830 2065 945 2086 nostrum
963 2064 994 2087 ad
1011 2064 1169 2088 voluntatem
1186 2073 1242 2089 nos-

725 2098 789 2118 tram
798 2098 963 2126 moraturum,
969 2098 1001 2125 et,
1008 2104 1066 2120 cum
1071 2097 1129 2120 inde
1134 2097 1241 2127 redierit,

724 2128 755 2151 de
775 2128 865 2152 stando
883 2130 951 2153 recto
968 2129 995 2153 in
1014 2129 1090 2154 Curia
1109 2132 1201 2161 nostra,
1220 2131 1241 2155 si
