1328 2295
123 140 194 178 376
314 151 386 177 mn
409 151 592 178 REGISTER
619 152 665 178 or
691 153 828 180 BISHOP
855 153 1089 183 srAPELDON.

211 235 278 251 arum
306 229 387 252 decem
413 236 545 252 marcarum
566 236 692 258 sumniam,
715 237 787 259 quam
813 230 931 253 excedunt
956 230 982 253 in
1007 231 1143 260 quantitate
1168 232 1276 257 notabili.

210 260 396 287 compensarent,
410 260 434 281 et
444 259 477 281 sic
488 260 530 288 qui
542 260 639 282 meliora
650 260 816 289 prospeximus
828 260 875 282 dici
886 267 932 282 non
944 267 1072 289 possumus
1083 261 1186 284 Ecclesie
1196 263 1276 285 nostre

209 288 337 310 Exoniensi
348 289 457 317 perhanc
465 290 570 311 nostram
579 289 759 312 ordinacionem
770 290 883 312 lesionem
890 290 995 318 aliquam
1003 290 1114 313 intulisse
1124 299 1130 319 ;
1147 298 1176 314 ex
1187 292 1274 320 quibus

209 317 279 340 terris
298 319 322 340 et
339 318 481 346 redditibus,
495 320 523 340 ut
540 319 689 347 premittitur
703 319 837 348 adquisitis,
851 321 939 341 certam
955 320 1091 348 porcionem
1107 321 1136 343 ad
1147 328 1274 350 congruam

209 347 311 376 preteeti
329 348 461 370 Sacerdotis
483 348 681 370 sustentacionem
704 350 728 370 et
748 349 891 377 premissum
912 349 976 371 diem
992 349 1079 372 Obitus
1097 350 1271 379 celebrandum,

208 377 335 406 aliquando
346 377 515 406 proposuimus
526 377 662 406 assignasse.
696 379 745 406 Set,
755 385 784 400 ne
794 378 830 400 vel
841 378 975 400 communio
988 379 1131 402 discordiam
1142 380 1180 402 vel
1188 380 1273 402 divisio

210 407 363 436 dispendium
369 408 498 435 generaret,
508 407 567 428 utile
578 407 628 429 fore
636 407 782 429 decrevimus
793 409 874 430 nostro
884 407 982 430 cuilibet
990 408 1130 437 Successon',
1140 410 1194 432 tum
1205 416 1274 439 prop-

208 438 245 459 ter
251 437 399 459 vicinitatem
405 436 505 458 aliarum
512 437 629 458 terrarum
637 436 667 458 nd
674 443 777 458 mensam
784 437 949 466 Episcopalem
955 438 1137 467 pertinencium,
1145 440 1198 461 tum
1206 446 1275 468 prop-

209 468 246 489 ter
256 466 314 489 alias
325 472 415 494 causas,
429 466 492 494 ipsas
503 467 577 487 terras
593 465 639 487 sibi
654 466 786 495 relinquere
800 467 914 489 tenendas
929 467 1059 490 insolidum
1071 469 1095 490 et
1105 468 1235 497 habendas,
1247 469 1276 491 ut

208 496 330 525 prefatum
341 502 401 518 onus
410 496 545 524 agnosceret
556 495 722 518 aliunde—ln
730 502 830 524 quorum
843 496 949 518 omnium
960 497 984 519 et
995 496 1143 525 singulorum
1152 498 1275 520 testimon-

208 527 259 547 ium
270 527 342 554 atque
353 525 432 553 fidem,
441 524 546 553 sigillum
558 526 674 553 nostrum,
687 532 795 547 unacum
807 525 885 554 sigillo
896 526 1016 548 communi
1022 526 1139 549 dictorum
1149 527 1239 549 Decani
1249 529 1273 550 et

208 555 322 583 Capituli,
331 554 485 576 Presentibus
494 555 530 576 est
537 555 741 582 appensum—Et
748 561 797 583 nos,
805 555 913 577 Decanus
920 556 943 577 et
949 555 1086 583 Capitulum
1095 557 1227 585 memorati,
1236 563 1274 579 su-

206 591 248 613 per
259 584 380 613 premissis
388 583 499 605 omnibus
510 585 534 605 et
544 583 642 612 singulis
652 584 767 606 Articulis
774 591 828 606 cum
836 584 972 606 Venerabili
981 585 1051 607 Patre
1059 587 1148 614 nostro,
1157 586 1274 615 Episcopo

208 614 353 643 supradicto,
366 615 470 635 tractatu
481 613 563 635 habito
575 620 617 641 per
627 620 669 635 nos
681 613 789 641 diligenti
801 614 843 643 qui
853 614 983 643 requiritur
993 615 1017 636 et
1033 614 1167 644 sollempni,
1181 615 1273 638 labores

205 645 230 666 et
247 643 332 665 merita
350 643 408 665 dicti
420 642 504 670 Patris,
518 642 605 671 quibus
622 649 672 670 nos,
686 643 814 665 Ecclesiam
831 645 943 671 nostram,
957 645 981 665 et
993 650 1097 666 mensam
1107 645 1272 674 Episcopalem

207 673 304 700 Exonie,
323 674 373 695 tam
391 673 415 694 in
433 672 594 701 adquisicione
612 672 730 694 dictarum
748 674 864 695 terrarum
883 674 907 695 et
923 673 1062 695 reddituum
1085 681 1157 702 quam
1174 675 1198 696 in
1219 675 1272 697 aliis

205 702 331 725 honoravit
340 702 513 730 multipliciter,
520 702 630 730 perpetui
637 702 741 724 muneris
751 702 820 724 lande
829 703 919 731 dignos,
924 704 951 724 ut
960 703 1269 732 astriugimur,reputantes,

207 732 318 754 omnibus
335 733 359 754 et
376 731 475 760 singulis
492 738 539 760 que
555 731 580 752 in
597 731 685 753 eisdem
707 732 830 760 Articulis,
850 734 874 754 et
895 733 956 754 circa
977 738 1024 760 eos,
1043 739 1085 761 per
1106 733 1270 755 Venerabilem

206 762 301 784 Patrem
320 761 455 790 predictum
473 763 526 782 acta
543 761 599 782 sunt
616 762 640 782 et
656 762 730 789 gesta,
753 762 901 784 concorditer
919 762 1069 790 assentimus,
1082 762 1181 791 ipsaque
1192 763 1271 785 omnia

203 791 304 820 singula,
327 792 445 819 quantum
466 790 496 812 ad
516 797 559 811 nos
580 790 674 818 attinet,
698 791 858 819 approbamus
871 799 876 819 3
899 793 923 813 et
944 791 969 812 in
986 791 1078 819 signum
1102 799 1229 815 consensus
1247 793 1271 815 et

206 820 386 849 approbacionis
397 819 536 848 hujusmodi
547 819 590 841 has
602 819 693 841 Literas
709 820 785 842 nostri
796 821 929 842 communis
945 820 1017 849 sigilli
1028 821 1159 843 munimine
1170 822 1269 844 fecimus

204 850 441 872 roborari.—Datum
461 850 485 871 et
502 850 582 871 actum
599 849 623 870 in
642 849 753 878 Capitulo
775 851 863 878 nostro,
885 850 982 877 Exonie,
1001 851 1104 873 secundo
1125 851 1163 873 die
1183 851 1271 874 mensis

204 880 296 907 Marcii,
316 879 386 901 Anno
405 878 532 900 Millesimo
554 878 652 901 CCCssw.
677 879 795 908 xxj⁰.—-N
797 886 830 907 os,
853 881 941 908 autem,
965 879 1140 908 Ordinaciones,
1163 880 1267 909 Statuta,

204 909 378 936 Concessiones,
402 908 590 937 AssignacioueS,
614 908 752 937 Assensum,
775 909 989 938 Approbacionem,
1017 911 1041 932 et
1068 910 1148 932 omnia.
1173 910 1220 932 alia
1244 911 1270 933 111

203 938 316 967 predictis
334 937 419 960 Literis
438 939 556 965 contenta,
579 939 631 959 rata
648 938 762 960 habentes
781 940 804 960 et
821 940 895 967 grata,
915 945 942 960 ea
960 945 1003 967 pro
1019 939 1088 961 nobis
1104 941 1128 961 et
1143 939 1269 962 heredibus

202 968 298 996 nostris,
311 968 429 996 quantum
441 967 465 989 in
475 967 544 989 nobis
555 968 599 995 est,
612 968 763 990 concedimus
779 970 803 990 et
813 968 988 996 confirmamus,
1002 969 1065 990 sicut
1076 969 1153 991 Litere
1164 969 1269 997 predicte

201 997 377 1020 racionabiliter
392 997 582 1019 testantur.—In
597 997 666 1024 cujus
682 998 723 1025 rei,
737 999 779 1020 etc,
796 998 883 1019 —Teste
899 998 997 1026 meipso,
1010 998 1075 1027 apud
1086 998 1222 1027 Tuttebnri,
1235 999 1268 1028 xij

202 1027 240 1049 die
252 1027 402 1055 NovembriS,
415 1026 485 1048 Anno
497 1026 572 1054 Regni
583 1027 659 1048 nostri
670 1027 830 1049 sextodecimo
842 1027 919 1056 [1322]
929 1035 934 1056 3
952 1025 1017 1051 16912.

230 1069 309 1092 Lz'lere
321 1068 394 1097 Regie
405 1070 567 1091 concernentes
580 1068 674 1091 Obz'lnm
691 1069 796 1096 Walters,
810 1069 955 1091 Escaniensis
966 1070 1120 1099 Episcopi,—

170 1098 384 1128 [l].—-Edwardns,
396 1099 451 1125 etc.‚
464 1098 574 1119 omnibus
586 1098 615 1120 ad
627 1105 694 1126 quos,
707 1099 869 1121 ete-Sciatis
880 1099 952 1127 quod,
965 1106 1007 1128 per
1023 1099 1094 1122 finem
1104 1106 1176 1129 quem
1187 1099 1268 1123 dilecti

200 1129 269 1151 nobis
285 1129 310 1150 111
326 1128 430 1155 Christo,
444 1128 553 1149 Decanus
569 1129 593 1149 et
609 1127 748 1156 Capitulum
766 1128 869 1150 Ecclesie
881 1128 961 1151 Sancti
973 1129 1037 1151 Petri
1048 1129 1146 1157 Exonie,
1160 1130 1266 1152 fecerunt

199 1158 331 1185 nobiseum,
344 1157 529 1186 pardonavimus
545 1157 578 1179 eis
594 1158 803 1186 transgressionem
814 1165 887 1186 quam
901 1158 1008 1181 fecerunt
1018 1158 1164 1187 adquirendo
1176 1159 1229 1187 sibi,
1242 1160 1266 1182 et

199 1187 374 1210 successoribus
390 1187 448 1214 suiS,
461 1187 486 1208 in
502 1186 579 1214 feodo,
593 1186 622 1208 de
634 1186 749 1215 Magistro
765 1190 789 1209 et
805 1187 929 1209 Fratribus
941 1187 1032 1210 Domus
1043 1188 1125 1211 Sancti
1135 1188 1226 1211 Thome
1237 1189 1266 1211 de

198 1218 287 1245 Acone,
300 1216 436 1244 Londoniis,
450 1223 490 1238 sex
502 1216 615 1238 solidatas
631 1217 655 1238 et
666 1218 719 1238 octo
730 1217 854 1239 denaratas
870 1217 986 1245 redditus,
1000 1224 1054 1240 cum
1069 1218 1228 1246 pertinenciis,
1241 1219 1266 1241 in

199 1247 297 1274 Exonia,
316 1247 429 1268 exeuntes
446 1246 475 1267 de
492 1245 586 1267 duabus
603 1245 684 1274 shopis
701 1247 725 1268 in
744 1246 825 1268 eadem
840 1246 950 1274 Civitatc,
968 1253 1014 1276 que
1032 1247 1153 1276 quondam
1168 1247 1266 1271 fuerunt

198 1276 300 1299 Galfridi
311 1276 417 1303 Tbithte,
429 1275 454 1297 iu
469 1275 613 1297 escambium
625 1282 667 1303 pro
679 1282 721 1297 sex
736 1276 844 1298 solidatis
855 1277 879 1298 ct
891 1278 944 1298 octo
954 1276 1073 1299 denaratis
1084 1277 1199 1305 redditus,
1212 1284 1266 1300 cum

198 1306 359 1335 pertinenciis,
387 1305 412 1327 in
438 1304 553 1326 Parochia
578 1304 659 1326 Sancti
686 1305 803 1333 Botulpbi
829 1307 896 1327 extra
922 1306 1071 1334 Aldresgate,
1098 1307 1123 1328 in
1148 1307 1264 1329 suburbio

198 1336 382 1362 Londoniarum,
395 1341 455 1363 quos
467 1334 615 1356 Venerabilis
627 1334 704 1362 Pater,
714 1335 842 1363 Walterus,
855 1335 993 1357 Exoniensis
1002 1336 1142 1364 Episcopus,
1156 1338 1264 1365 sumptu·
1293 1347 1299 1352 ·

197 1366 242 1388 bus
254 1365 311 1393 suis,
323 1364 352 1386 de
364 1364 485 1386 Willelmo
501 1363 530 1385 de
544 1363 671 1386 Hedersete
688 1365 753 1392 emit,
767 1365 791 1386 et
807 1365 893 1386 eisdem
907 1365 1021 1393 Magistro
1037 1367 1061 1387 et
1073 1365 1197 1388 Fratribus
1213 1366 1264 1388 clari

195 1395 340 1424 procuravit,
349 1393 470 1416 habendos
479 1393 556 1415 sibiet
570 1394 746 1416 successoribus
762 1394 812 1415 suis
823 1394 1000 1423 inperpetuum,
1009 1396 1065 1423 post
1075 1395 1264 1424 publicaeionem

197 1424 288 1447 Statuti
299 1424 327 1446 de
338 1423 407 1445 terris
419 1424 442 1445 et
453 1423 594 1445 tenementis
606 1422 635 1445 ad
647 1430 743 1445 manum
761 1425 880 1445 mortuam
891 1430 938 1445 non
950 1424 1066 1452 ponendis
1078 1424 1143 1452 editi,
1158 1425 1264 1447 Licencia

195 1456 276 1476 nostra
287 1460 359 1482 super
375 1452 419 1474 hoe
435 1459 483 1474 nou
495 1454 600 1481 optenta.
634 1453 664 1474 Et
676 1453 841 1481 concessimus,
854 1460 897 1481 pro
908 1453 976 1475 nobis
988 1455 1012 1475 et
1022 1453 1150 1476 heredibus
1165 1455 1261 1483 nostris,

212 1485 312 1506 uantum
330 1483 355 1504 in
370 1482 439 1504 nobis
458 1483 500 1509 est,
521 1481 634 1510 predictis
651 1482 745 1504 Decano
767 1484 791 1504 et
812 1482 924 1511 Capitulo
941 1483 1005 1511 quod
1024 1483 1070 1512 ipsi
1087 1484 1204 1512 predictas
1222 1491 1264 1506 sex

195 1513 309 1535 solidatas
328 1513 352 1534 et
369 1513 422 1534 octo
440 1511 564 1533 denaratas
581 1512 697 1540 redditus,
711 1519 765 1533 cum
786 1512 945 1540 pertinenciis,
964 1512 1067 1535 habeant-
1083 1514 1106 1535 et
1121 1514 1263 1541 1011011111,“111

194 1543 293 1570 Exonia,
305 1542 351 1564 sibi
362 1542 386 1563 et
397 1541 571 1563 successoribus
583 1542 640 1569 suis,
651 1543 675 1563 et
686 1542 758 1563 eciam
770 1542 884 1570 predictis
894 1542 1008 1570 Magistro
1020 1544 1043 1564 et
1054 1542 1186 1571 Fratribus,
1199 1543 1263 1572 quod

194 1572 241 1601 ipsi
261 1571 379 1601 predictas
398 1578 439 1593 sex
461 1571 574 1593 solidatas
596 1573 619 1593 et
637 1572 690 1593 octo
708 1571 832 1593 deneratas
849 1571 964 1598 redditus,
985 1578 1037 1594 eum
1056 1573 1216 1601 pertinenciis,
1238 1573 1264 1595 iu

193 1601 308 1624 suburbio
319 1601 427 1629 predicto
442 1600 546 1624 habeant
564 1602 588 1623 et
604 1602 701 1622 teneant
718 1601 764 1622 sibi
782 1602 806 1622 et
820 1601 996 1623 successoribus
1012 1601 1069 1630 suis,
1082 1602 1107 1623 in
1118 1602 1263 1624 escambium

193 1631 328 1660 predictum
340 1630 369 1652 de
387 1630 536 1659 Capitalibus
548 1630 656 1652 Dominis
668 1630 791 1652 feodorum
802 1630 907 1658 illorum,
920 1637 961 1659 per
972 1631 1070 1653 servicia
1081 1631 1135 1653 inde
1147 1631 1227 1654 debita
1238 1633 1261 1654 et

195 1662 315 1688 consueta,
334 1661 521 1688 imperpetuum,
540 1660 589 1681 sine
611 1660 731 1681 occasione
750 1660 787 1681 vel
806 1660 976 1688 impedimento
994 1661 1069 1682 nostri
1090 1661 1128 1683 vel
1148 1661 1262 1683 heredum

192 1692 337 1718 nostrorum,
350 1689 552 1717 Justioiariorum,
566 1690 727 1717 Escaetorum,
740 1689 923 1717 Vicecomitum,
941 1691 983 1711 ant
998 1690 1099 1712 aliorum
1115 1690 1258 1713 Baliivorum

193 1727 235 1743 seu
252 1720 417 1742 Ministrorum
432 1720 568 1741 nostrorum
583 1725 795 1747 quorumcumque,
814 1719 911 1741 Statuto
927 1719 1033 1747 predicto
1049 1726 1097 1741 non
1113 1720 1261 1744 obstante.—

192 1750 221 1772 111
233 1750 301 1778 cujus
313 1749 353 1777 rei,
367 1749 515 1771 etc—Teste
527 1748 625 1777 meipso,
639 1748 703 1777 apud
714 1748 839 1777 Tuteburi,
853 1749 885 1777 xij
898 1748 936 1770 die
947 1749 1095 1778 Novembris,
1107 1750 1177 1772 Anno
1186 1749 1260 1779 Regni

192 1780 268 1802 nostri
279 1778 439 1801 sextodecimo
451 1778 536 1807 [1322]

163 1820 377 1851 [2].—-Edwardus,
399 1820 562 1842 ete-Sciatis
579 1820 644 1849 quod
663 1827 706 1848 per
723 1820 793 1842 finem
812 1827 883 1849 quem
901 1837 904 1842 ,
925 1837 930 1844 .
950 1837 955 1843 .
975 1820 1103 1849 Walterus,
1121 1821 1260 1844 Exoniensis

192 1851 332 1880 Episcopus,
345 1850 402 1872 fecit
419 1849 550 1877 nobiscum,
564 1850 749 1878 perdonavimus
767 1850 861 1872 Decano
878 1851 902 1872 et
918 1850 1038 1878 Capitulo,
1051 1851 1105 1878 etc„
1118 1852 1257 1880 transgress-

190 1881 268 1902 ionem
285 1886 358 1908 quam
378 1879 486 1901 fecerunt
503 1879 649 1907 adquirendo
666 1897 670 1902 .
691 1896 697 1902 .
716 1896 721 1901 .
739 1879 764 1901 in
782 1880 852 1901 feodo
871 1880 899 1901 de
917 1880 1021 1902 Roberto
1043 1880 1072 1902 de
1090 1880 1259 1909 Knyghtetone

191 1910 349 1939 quadraginta
363 1909 476 1931 solidatas
496 1909 611 1936 redditus,
625 1916 679 1930 cum
698 1909 857 1937 pertinenciis,
870 1910 983 1931 exeuntes
994 1909 1023 1931 de
1035 1909 1144 1932 omnibns
1155 1910 1223 1932 terris
1234 1911 1258 1932 et

189 1939 331 1962 tenementis
342 1939 418 1967 ipsius
429 1939 445 1960 J
448 1938 548 1960 ohannis
564 1938 588 1960 in
600 1938 778 1967 Knyghtetone,
792 1938 878 1966 Fenne,
892 1940 916 1961 et
927 1938 1055 1968 Bisshopes
1067 1939 1214 1968 Morcharde,
1227 1939 1257 1962 ad

189 1969 289 1992 Obitum
310 1968 398 1997 prefati
417 1968 529 1997 Episcopi
546 1968 570 1989 in
588 1968 692 1990 Ecclesia
714 1968 820 1996 predicta
837 1968 969 1996 annuatim,
984 1968 1057 1996 juxta
1078 1968 1257 1991 ordinacionem

186 1999 263 2028 ipsius
274 1997 393 2028 Episcopi,
408 1997 582 2025 celebrandum,
599 1998 654 2025 post
670 1997 857 2026 publicacionem
870 1998 969 2025 Statuti,
986 1999 1030 2020 etc.
1047 1999 1084 2025 (ut
1101 1999 1195 2027 snpra)-
1226 1998 1257 2021 Et

188 2028 354 2056 concessimus,
367 2029 410 2050 etc.
425 2028 462 2055 (ut
473 2027 668 2056 supra).—-Teste
679 2027 778 2056 meipso,
792 2027 856 2056 apud
867 2027 1003 2056 'l'utteburi,
1014 2027 1046 2056 xij
1060 2027 1097 2050 die
1106 2028 1254 2057 Novembris,

189 2058 259 2080 Anno
271 2058 346 2087 Regni
357 2057 433 2079 nostri
444 2057 503 2085 xvjo.

158 2101 190 2123 Et
201 2099 379 2123 memorandum
394 2099 457 2128 quod
471 2098 576 2128 predicte
591 2098 637 2121 dne
648 2098 727 2121 Litore
739 2099 812 2128 Regyie
825 2100 948 2122 remanent
964 2099 992 2122 iu
1008 2099 1117 2123 custodia
1128 2099 1221 2122 Decam'
1236 2100 1257 2122 et

189 2129 299 2160 Capituli
310 2129 410 2157 Eamm'c,
424 2130 490 2152 extra
501 2129 618 2152 dicionem
634 2129 734 2152 ll'cclteri
745 2129 860 2158 Episcopi
868 2137 879 2156 ,·
899 2128 964 2154 171b.
