1328 2295
451 158 632 185 GENERAL
662 158 798 185 INDEX.
1139 149 1156 183 1
1164 148 1181 182 1
1189 147 1209 182 9

141 236 226 265 eciam,
241 237 323 266 quoad
336 239 477 261 exercentes
489 237 562 268 plura
573 237 659 267 officia,
677 237 745 267 quod
758 236 874 266 Giffarde,
893 235 1056 264 Northecote,
1074 237 1099 260 et
1112 235 1204 266 Tegne-

142 276 200 292 mue
212 272 328 293 exercent
339 270 389 293 duo
402 270 487 299 officia,
500 275 530 293 ut
542 272 580 294 est
591 272 773 301 supratactum.

108 300 247 325 Willelmus
275 303 306 326 de
326 303 428 326 Venella
456 303 517 326 dicit
544 303 611 333 quod
640 303 829 326 Examinatores
857 310 932 332 super
956 301 1061 332 singulis
1083 300 1204 324 Articulis

138 333 284 364 singillatim
305 335 450 359 examinant
470 335 552 366 quoad
573 335 683 366 primum
704 337 813 363 testem3
831 335 914 365 quoad
935 334 995 357 alios
1015 336 1101 362 testes,
1121 333 1141 356 si
1162 341 1203 356 eos

138 366 281 390 invenerint
298 368 429 391 concordes
447 376 503 391 cum
522 368 609 398 primo,
628 376 703 398 super
720 368 833 398 pluribus
846 367 965 391 Articulis
977 366 1090 390 simulet
1102 366 1204 389 confuse

138 399 252 423 scribunt
263 402 289 423 et
301 401 459 424 concordant.
495 401 567 429 Item,
576 403 634 424 ante
644 401 743 431 plenam
753 399 963 423 examinacionem
976 401 1067 430 petunt
1076 398 1203 426 salarium,

138 434 164 454 et
180 440 225 462 pro
242 432 345 463 singulis
362 433 470 456 testibus
487 433 612 463 recipiunt
629 441 672 456 sex
689 433 810 461 denarios,
826 434 853 456 et
871 432 973 455 clericus
990 439 1076 455 eorum
1094 431 1203 454 scribens

137 472 217 488 unum
237 465 375 489 denarium.
421 466 497 493 Dicit,
517 466 602 495 eciam,
623 466 690 496 quod
712 465 833 488 Advocati
855 464 989 495 aliquando
1012 464 1201 494 interrumpunt

136 504 261 520 sermones
284 498 415 527 sociorum,
439 500 466 521 et
488 498 621 528 aliquando
647 498 783 528 garulando
807 500 833 521 et
856 497 990 527 aliquando
1018 496 1200 527 exprobrando.

137 529 256 560 Magister
263 531 278 554 J
280 531 390 554 ohannes
398 531 429 554 de
438 531 590 554 Northecote
599 533 623 554 et
634 530 753 560 Magister
760 530 881 554 Rieardus
891 530 1007 557 Giffarde,
1017 529 1201 557 Procuratores,

136 561 270 592 aliquando
289 563 397 594 allegant
416 563 491 587 verba
506 563 579 594 juris.
623 563 741 593 Magister
760 562 911 586 Eustachius
930 565 968 586 est
987 561 1158 590 Examinator‚
1176 563 1202 585 et

135 594 269 625 aliquando
309 596 463 619 Procurator.
510 596 631 619 Officiales
670 595 844 619 Archidiaconi
884 595 979 618 Exonie
1015 595 1201 618 consueverunt

135 627 269 657 aliquando
281 630 365 652 tenere
378 628 495 659 Capitula
506 636 551 652 sua
563 629 670 652 durante
683 628 840 652 Consistorio.

103 658 252 690 Radulphus
272 661 352 691 Poyer
373 661 434 684 dicit
457 661 524 691 quod
547 661 674 684 Johannes
697 661 728 684 de
751 661 911 689 Northecote,
936 660 1057 683 Ricardus
1080 659 1198 687 Giffarde,

135 692 256 716 Ricardus
273 694 303 716 de
321 693 506 724 Chuddeleghe‚
525 694 707 722 Procuratores,
726 693 859 724 aliquando
876 693 924 716 sibi
940 694 1074 716 assumunt
1091 692 1200 716 officium

135 725 263 749 Advocati.
299 726 329 749 In
341 726 394 750 aliis
407 727 539 750 concordat
551 734 607 750 cum
620 726 733 756 proximo
746 726 938 756 preexaminato.

101 756 228 781 «Iohannes
256 759 376 782 Walrond
404 759 466 782 dicit
493 759 561 789 quod
590 758 740 782 Eustachius
769 759 800 782 de
828 759 970 789 Tegnemue
998 757 1062 789 gerit
1089 757 1199 781 officium

134 790 310 820 Procuratoris,
324 791 514 820 Examinatoris,
528 794 553 814 et
565 791 698 822 aliquando
711 792 828 822 postulat.

102 822 226 846 Walterus
244 824 274 846 de
287 824 358 847 Wike
370 824 432 847 dicit
444 825 510 854 quod
525 824 603 847 Cause
616 827 718 847 manent
730 825 755 847 in
767 832 887 854 suspenso
900 832 943 854 pro
956 831 984 847 eo
996 823 1064 854 quod
1077 822 1199 846 Advocati

133 856 158 878 et
171 856 345 879 Procuratores
362 865 412 880 non
430 857 568 880 informant
584 857 686 880 Judiees
704 865 762 880 cum
774 857 858 880 debita
870 856 1002 880 celeritate.
1041 856 1111 885 ltem,
1130 855 1199 886 quod

135 888 254 912 Officiales
283 889 528 918 Archidiaconorum,
558 892 615 920 post
642 892 762 919 quartum
791 889 857 912 diem
886 888 1039 917 Consistorii,
1062 890 1199 918 antequam

135 920 315 945 Consistorium
334 922 405 952 plene
423 923 576 952 expediatur,
589 922 710 945 recedunt
722 922 752 945 ad
767 922 882 952 capitula
894 930 939 945 sua
951 929 956 949 ς
974 923 1000 944 et
1011 921 1066 944 illos
1078 922 1199 944 secuntur

135 952 188 982 (sic)
211 956 265 977 tam
287 954 410 978 Advocati
432 962 508 985 quam
532 955 712 978 Procuratores.
758 955 946 978 Examinatores
970 953 1116 977 Consistorii
1138 955 1199 976 sunt

133 984 215 1009 clerici
234 986 367 1017 conjugati,
394 989 420 1010 et
439 987 597 1018 quandoque,
619 994 675 1010 cum
697 987 817 1010 deberent
835 986 991 1017 conjunctim
1011 986 1152 1009 examinare
1172 987 1198 1009 et

135 1018 215 1042 Causa
238 1019 272 1042 eis
295 1020 464 1043 committitur
484 1020 655 1048 examinanda,
669 1020 741 1043 alteri
764 1027 851 1043 eorum
874 1019 1019 1043 examinant
1042 1017 1151 1045 divisim,
1174 1020 1200 1042 et

131 1050 265 1081 aliquando
282 1052 306 1075 in
326 1052 442 1075 domibus
459 1052 510 1075 suis
528 1052 689 1080 examinant3
708 1053 775 1075 unde
792 1052 870 1082 possit
887 1052 918 1075 de
935 1051 1000 1075 facili
1013 1051 1071 1074 oriri
1082 1050 1197 1081 suspicio.

131 1083 265 1113 Differunt,
278 1085 361 1114 eciam,
381 1085 590 1108 examinacionem
603 1093 733 1115 quousque
746 1085 780 1108 eis
792 1085 825 1108 sit
837 1084 994 1108 satisfactum
1006 1084 1037 1107 de
1049 1083 1151 1109 salario:
1171 1085 1197 1106 et

131 1116 255 1147 recipiunt
272 1125 316 1147 pro
333 1117 437 1148 singulis
454 1118 561 1141 testibus
579 1118 638 1148 vjd.‚
659 1120 686 1140 et
702 1117 804 1141 clericus
822 1125 908 1140 eorum
925 1117 960 1147 jd.
996 1116 1034 1139 De
1051 1115 1196 1147 gerentibus

131 1148 203 1179 plura
228 1150 307 1173 officia
331 1151 464 1173 concordat
489 1158 547 1173 curn
565 1151 677 1180 proximo
702 1150 900 1180 preexaminatis,
925 1150 971 1172 hoc
995 1148 1196 1179 adjecto—quod

132 1181 193 1205 dicit
202 1182 269 1212 quod
278 1182 386 1206 Thomas
394 1183 424 1206 de
434 1183 574 1206 Lichefelde
584 1182 630 1206 hoc
638 1183 703 1205 idem
714 1183 779 1206 facit.
809 1182 883 1212 Dicit,
893 1182 976 1210 eciam,
985 1182 1053 1212 quod
1063 1180 1198 1204 Nicholaus

131 1214 162 1237 de
185 1214 343 1238 Durneforde
366 1223 464 1245 semper
487 1218 558 1238 tenet
580 1215 727 1242 taberna1113
757 1218 783 1238 et
806 1215 914 1238 Thomas
938 1214 1029 1238 Lukeis
1052 1213 1198 1243 frequentat

131 1246 254 1274 tabernas,
287 1247 313 1270 in
346 1248 491 1271 scandalum
523 1248 595 1271 officii
627 1248 803 1271 Procuratoris.
847 1247 933 1277 Aliqui
965 1246 1087 1270 Officiales
1118 1245 1195 1269 Arch-

130 1278 235 1302 idiaconi
247 1280 371 1309 Tottonie,
381 1280 406 1303 in
419 1288 551 1311 gravamen
564 1280 723 1303 subditorum
736 1288 846 1308 suorum,
860 1280 973 1303 solebant
984 1279 1082 1302 trahere
1094 1278 1195 1301 eosdem

131 1314 201 1335 extra
214 1312 370 1336 Decanatum
387 1313 412 1336 in
426 1321 475 1343 quo
494 1313 624 1343 degebant,
643 1316 668 1336 ct
680 1313 814 1343 aliquando
826 1313 858 1336 ad
871 1312 1006 1335 Ecclesiam
1019 1311 1195 1335 cathedralem

130 1344 233 1373 Excute,
255 1348 280 1368 et
296 1345 331 1368 ibi
349 1353 493 1376 cognoscere
510 1346 576 1368 inter
594 1354 640 1368 eos.
677 1346 751 1373 Dicit,
765 1345 848 1373 eciam,
863 1345 930 1375 quod
948 1346 1009 1368 sunt
1020 1344 1123 1374 quidam
1136 1343 1195 1366 boni

130 1377 239 1400 Scolares
257 1381 417 1408 expectantes
438 1380 465 1401 ut
485 1378 645 1408 preficiantur
662 1378 687 1401 iu
706 1378 798 1405 officiis,
817 1381 843 1401 et
860 1377 962 1407 quidam
981 1378 1104 1407 occupant
1116 1376 1195 1399 officia

130 1409 173 1439 qui
190 1412 250 1433 sunt
267 1411 350 1433 minus
371 1411 439 1441 digni
460 1413 484 1433 et
503 1410 743 1441 conjugati,——puta,
758 1410 894 1434 Nicholaus
906 1409 1073 1436 Durneforde,
1086 1409 1195 1432 Thomas

130 1441 227 1471 Lukeis,
246 1445 271 1465 et
284 1443 423 1466 Willelmus
441 1443 471 1466 (le
484 1443 592 1466 Venella.
629 1443 757 1466 Galfridus
774 1443 805 1466 de
818 1443 942 1473 Modbury
955 1442 1075 1471 novellus,
1097 1446 1123 1465 et
1140 1441 1195 1464 ideo

126 1482 203 1504 pauca
215 1475 285 1498 novit
297 1476 327 1498 de
342 1476 572 1499 Articulis—solies
586 1474 735 1500 172—173b.

31 1521 251 1555 Convocation
266 1536 271 1563 ;
294 1524 494 1568 Dbocuments
511 1525 653 1567 relating
669 1527 756 1562 to,—

95 1574 366 1600 Cicada—Venerabili
383 1577 409 1600 in
423 1577 522 1600 Christo
535 1577 611 1605 Patri,
635 1577 742 1600 Domino
755 1577 872 1605 waltero,
892 1576 938 1600 Dei
956 1575 1037 1606 gracia
1055 1575 1190 1599 Exouiensi

125 1607 253 1639 Episcopo,
272 1606 420 1639 Radulphus
438 1609 479 1639 [de
497 1610 625 1639 Baldock]y
643 1609 803 1640 permissione
821 1609 912 1632 Divina
925 1609 1061 1639 Episcopus
1074 1609 1190 1632 London-

125 1640 205 1669 iensis,
227 1641 334 1665 salutem
357 1644 383 1665 et
404 1642 540 1665 fraternam
564 1642 589 1665 in
614 1642 720 1665 Domino
744 1641 1012 1665 caritatem.—Literas
1035 1641 1188 1664 Venerabilis

126 1673 213 1702 Patris,
224 1674 325 1697 Domini
334 1674 446 1703 R[0berti
455 1675 644 1705 Winchelesefl,
655 1675 700 1698 Dei
710 1675 788 1705 gracia
799 1674 984 1698 Cantuariensis
994 1673 1186 1703 Archiepiscopi,

126 1705 215 1729 Tocius
236 1706 325 1737 Anglie
349 1707 473 1736 Primatis,
493 1707 638 1738 recepimus,
651 1708 756 1730 formam
770 1715 819 1738 que
842 1707 958 1737 sequitur
980 1706 1137 1730 continentes
1147 1713 1187 1727 :—-

125 1737 256 1768 Robertus,
290 1740 437 1763 etc—Cum
471 1748 551 1770 nuper
584 1740 615 1763 ad
645 1742 755 1763 nostram
790 1740 907 1763 noticiam
936 1739 1089 1770 pervenisset
1117 1738 1185 1768 quod

125 1770 300 1794 Serenissimus
322 1772 438 1802 Princeps
459 1775 484 1795 et
505 1772 635 1801 Dominus,
658 1772 780 1795 Dominus
802 1772 946 1801 Edwardus,
967 1771 1012 1794 Dei
1030 1771 1111 1802 gracia
1131 1771 1185 1794 Rex

123 1802 212 1833 Anglie
229 1804 339 1833 illustris,
360 1812 403 1834 pro
424 1805 607 1828 sustentacione
627 1813 672 1828 sua
692 1807 717 1828 et
736 1805 872 1828 excercitus
893 1804 938 1833 sui,
958 1804 984 1827 in
1007 1806 1074 1827 terra
1094 1803 1185 1832 Scotia,

124 1836 265 1865 optinenda,
283 1836 347 1860 bona
364 1840 390 1860 et
401 1837 518 1860 victualia.
535 1837 671 1860 incolarum
684 1837 761 1868 hujus
775 1837 852 1867 Regni
865 1837 918 1867 capi
936 1837 967 1859 ad
979 1844 1041 1867 opus
1054 1844 1129 1859 suum
1141 1844 1185 1866 per

122 1867 210 1891 Brevia
221 1868 296 1899 Regia
312 1870 492 1899 demandasset,
506 1872 581 1900 prout
598 1870 623 1893 in
641 1870 734 1893 eisdem
752 1870 873 1893 Brevibus
891 1869 943 1898 (sic)
960 1877 1034 1899 super
1051 1869 1097 1892 hoc
1113 1868 1187 1891 certis

122 1900 231 1929 personis
243 1901 343 1925 directis
363 1902 460 1932 plenius
473 1902 621 1929 continetur,
643 1902 668 1925 id
689 1905 845 1931 nequeuntes
858 1901 1046 1931 quomodolibet
1062 1901 1184 1929 tollerare,

122 1940 180 1955 cum
200 1933 269 1957 vobis
289 1936 315 1957 et
333 1934 386 1957 aliis
398 1935 587 1958 Venerabilibus
606 1935 735 1958 Fratribus
753 1934 844 1957 nostris
865 1934 891 1957 iu
910 1933 1019 1958 Concilio
1037 1933 1185 1957 Provinciali

123 1966 286 1995 presentibus,
307 1969 332 1990 et
353 1967 501 1996 quibusdam
522 1967 667 1990 Proceribus
686 1967 763 1997 hujus
782 1967 868 1996 Regni,
889 1975 946 1997 erga
959 1966 1075 1989 Nobilem
1087 1966 1184 1994 Virum,

124 1996 260 2022 Dominum
274 1999 410 2022 Henricum
423 1999 473 2029 }[de
495 1999 570 2030 Laci]‚
595 2000 719 2023 Comitem
733 1999 875 2030 Lyncolnie,
897 1999 1032 2022 Custodem
1052 1998 1137 2028 Regni,
1160 2000 1186 2021 et

127 2029 228 2053 Domini
252 2031 325 2062 Regis
349 2032 486 2055 Consilium
519 2033 572 2060 (sic)
596 2032 740 2055 instetimus
763 2040 807 2062 pro
830 2031 986 2055 revocacione
1014 2030 1132 2054 Mandati
1160 2032 1186 2053 et

125 2061 243 2086 Brevium
265 2063 411 2094 hujusmodi
434 2065 575 2094 optinenda.
623 2065 748 2093 Ceterum,
778 2072 835 2088 cum
856 2064 923 2088 idem
947 2064 1037 2088 Custos
1061 2063 1132 2086 nobis
1155 2062 1187 2086 ad

127 2094 269 2119 faciendum
287 2097 354 2126 quod
375 2097 510 2127 petivimus
530 2105 555 2120 se
573 2097 734 2126 exhibuisset,
754 2099 829 2127 prout
840 2097 931 2126 decuit,
950 2096 1011 2119 satis
1028 2103 1143 2126 pronum,
1163 2097 1189 2118 et

123 2127 271 2157 premissum
283 2128 432 2153 Mandatum
442 2130 592 2154 decrevisset
601 2130 713 2154 totaliter
724 2129 839 2160 revocari,
850 2131 925 2160 prout
933 2129 959 2152 in
968 2128 1022 2152 aliis
1030 2128 1124 2152 Breviis
1134 2127 1187 2157 (sic)
