1328 2295
96 183 167 221 328
276 198 354 223 THE
381 198 565 224 REGISTER
591 199 638 224 OF
664 199 804 225 BISHOP
832 199 1055 225 STAPELDON.

185 273 233 297 fuit
242 282 248 303 ;
265 276 289 297 et
300 275 417 298 Dominus
429 275 549 298 ordinavit
560 275 657 303 ibidem,
671 275 735 299 dicto
747 276 792 304 die,
801 276 830 298 ad
839 276 942 299 Primam
952 277 1092 304 Tonsuram,
1102 276 1175 305 prout
1185 275 1253 304 patet

185 310 258 333 supra
269 305 294 327 in
305 305 413 334 Registro
425 305 541 328 Ordinum
552 313 557 333 ;
576 305 633 328 ibid.

92 338 138 371 St.
158 340 265 390 (lieet-3
289 343 341 375 Sir
359 344 503 375 Richard
520 344 559 376 de
576 344 763 387 Treworgy,
779 345 942 386 chaplain,
959 345 1138 387 appointed
1154 343 1247 381 coad-

176 387 270 426 Jutor
285 389 320 418 to
336 387 425 419 John
441 387 498 419 the
514 388 612 419 Vicat·
631 390 686 428 (16
703 389 805 430 April,
823 389 937 428 1309);
961 390 1013 420 40.

93 435 142 468 St.
160 436 264 469 Colan
281 439 408 479 [Sancti
424 440 556 476 Kolani,
573 440 708 480 MS]-

150 479 190 504 Sir
200 481 308 504 William
320 483 361 504 the
372 482 402 505 V.
415 482 486 510 being
497 489 553 510 very
565 482 651 509 infirm,
670 483 711 505 the
731 483 822 512 Bishop
842 484 972 512 appointed
991 484 1028 506 Sir
1041 484 1110 506 Peter
1120 483 1149 505 de
1161 483 1248 511 Halap,

182 511 265 540 priest,
278 512 462 540 coadjutor,—“
471 512 584 534 Volentes
595 514 619 534 et
630 512 777 541 mandantes,
796 513 820 535 111
832 513 921 536 virtute
938 513 1079 536 Obediencie
1090 514 1113 535 et
1122 513 1252 541 juramenti

180 547 224 569 per
236 542 260 563 te
271 548 350 564 coram
360 542 430 564 nobis
441 542 466 564 in
477 541 521 564 liae
532 544 599 570 parte
611 542 714 571 prestiti,
728 542 792 571 quod
809 543 839 565 de
856 543 967 565 omnibus
985 543 1054 565 bonis
1074 543 1150 572 ipsius
1161 542 1251 564 Vicarii

181 571 340 593 existentibus
351 571 498 600 quamcicius
509 571 577 593 fidele
588 572 698 594 conficias
708 573 878 600 Inventariuin,
888 573 1036 599 et-amotis,
1045 573 1122 595 modis
1131 572 1249 599 omnibus,

181 607 195 622 a
206 600 277 623 domo
288 601 348 623 dicti
356 601 445 623 Vicarii
455 601 468 623 -J
474 601 572 628 ohanne,
584 601 633 623 filio
642 601 750 630 ejusdem
757 601 855 630 vicarii,
866 602 982 625 Nicholao
989 602 1011 624 le
1019 602 1041 624 N
1044 604 1080 624 etr
1090 602 1150 631 (sic),
1161 602 1248 630 nepote

180 630 294 658 ejusdem,
309 630 411 653 isabella
422 631 503 653 Sancti
516 631 649 659 Kaveriani,
664 632 705 660 qui
717 631 780 653 bona
791 632 849 654 dicti
860 632 950 654 Vicat-ii
961 632 1084 660 hactenus,
1097 633 1126 654 ut
1136 631 1250 653 veraciter

179 659 324 688 audivimus,
338 661 434 689 penitus
451 663 640 688 consumserunt,
654 663 678 683 et
695 661 749 689 alia,
765 661 786 683 si
802 668 849 690 qua
864 662 902 689 sit,
916 662 1006 684 familia
1022 660 1250 684 honerosa-taliter

178 689 208 711 de
224 689 294 712 bonis
313 690 376 712 dicte
394 690 487 713 Viearie
506 690 629 719 disponere
648 691 742 719 curetis,
767 691 831 720 quod
849 691 925 713 eidem
941 692 1036 714 Vicario
1055 693 1079 713 et
1097 691 1187 713 familie
1206 697 1248 712 sue

178 720 307 742 necessarie
329 720 358 742 de
380 720 448 742 bonis
470 720 610 748 hujusmodi
631 727 675 749 pro
696 728 740 743 sna
760 721 936 743 sustentacione
958 721 983 743 in
1009 721 1120 743 omnibus
1147 726 1248 749 congrue

177 749 335 778 ministretur,
349 751 372 772 et
387 750 456 772 nobis
469 751 517 771 tam
536 750 565 772 de
584 750 687 772 inventis
705 752 728 772 et
746 751 847 779 receptis
866 758 939 780 quam
957 751 1063 780 inpensis
1079 751 1104 772 in
1119 750 1163 772 hac
1180 751 1248 779 parte

177 778 280 801 fideliter
291 780 433 808 respondere
441 780 514 802 valias
527 780 586 808 (sic),
596 787 648 801 cum
658 787 729 809 super
740 780 785 802 hoc
794 781 866 802 fueris
874 787 975 809 congrue
987 781 1115 810 requisitus
1126 787 1131 808 ;
1143 780 1245 809 proviso,

176 808 253 831 modis
271 809 389 837 omnibus,
402 810 465 832 iuter
482 811 567 837 cetera,
580 809 644 838 quod
661 810 724 832 dicte
736 810 838 832 Ecclesie
856 810 1010 832 laudabiliter
1027 810 1182 837 deserviatur,
1200 810 1244 831 etc.

176 837 214 866 (26
231 838 298 867 Feb,
312 839 436 868 1313-14>;
453 839 724 868 SssbffAppropriation
740 840 766 861 of
782 840 823 862 the
835 840 937 868 Rectory
948 841 973 862 to
985 840 1104 868 Glasney3
1121 839 1204 862 109.—

85 875 131 907 St.
150 876 433 919 Columb-Majorg
456 879 582 909 Master
597 878 686 909 John
705 878 840 919 ssloyou,
858 878 949 915 R„—

146 919 243 942 Licence
264 920 290 942 of
308 921 485 943 non-residence
506 921 544 943 till
565 921 660 949 Trinity
679 921 777 949 Sunday
799 921 836 949 (14
854 921 1039 950 June),—“pro
1060 921 1110 943 suis
1128 922 1153 943 et
1169 920 1245 949 ipsius

174 949 279 972 Ecclesie
289 951 444 979 procurandis
455 951 557 978 negociis
566 951 577 960 ''
595 951 618 979 (4
627 951 691 978 Feb.‚
704 951 795 979 1:320-1)
807 959 812 979 ;
830 951 873 974 155
885 958 889 973 :
907 951 1022 980 renewed,
1034 951 1071 973 till
1082 950 1244 979 Michaelmas,

174 979 235 1002 from
247 979 273 1002 21
287 980 351 1009 May,
366 980 438 1009 1321;
457 981 507 1003 158.

84 1017 131 1049 St.
150 1017 421 1058 Columb-Minor,
436 1020 493 1051 the
512 1019 634 1061 Chapel
652 1019 695 1057 of,
711 1030 758 1051 see
775 1019 823 1051 St.
843 1019 1007 1052 Crantock
1022 1032 1028 1059 ;
1046 1018 1131 1052 104¹).

85 1070 131 1101 St.
149 1069 384 1110 Constantine,
409 1072 461 1103 Sir
478 1071 604 1113 Henry,
621 1072 712 1108 V„—

144 1113 321 1142 Appointment
336 1115 362 1136 of
379 1114 485 1136 Williain
505 1115 533 1136 de
552 1114 691 1142 Mileborne,
705 1115 732 1136 R.
748 1114 774 1136 of
789 1114 824 1137 St.
839 1115 1067 1143 Ruan-Lanyhorue,
1080 1122 1105 1137 as
1123 1114 1161 1137 his
1178 1114 1245 1137 coad-

171 1143 246 1172 jutor,
268 1144 283 1155 ‘¹
292 1145 341 1166 tam
354 1145 378 1166 111
390 1151 490 1173 persona
501 1146 525 1166 et
536 1151 592 1166 cura
603 1151 674 1173 quam
686 1144 757 1166 rebus
769 1144 876 1173 ejusdem
890 1145 977 1167 Vicarii
987 1153 992 1173 ;
1010 1145 1044 1167 ita
1055 1144 1127 1173 quod,
1138 1144 1245 1166 confecto

176 1174 312 1196 Inventario
324 1174 353 1196 de
370 1174 438 1196 bonis
456 1174 540 1203 ipsius,
554 1174 692 1203 diligentem
709 1181 781 1203 super
798 1174 845 1196 hiis
861 1181 942 1196 curam
959 1174 1046 1196 habeat
1062 1177 1086 1197 et
1102 1174 1243 1202 custodiam,

174 1204 247 1231 prout
263 1204 318 1226 inde
335 1204 476 1232 respondere
493 1204 603 1232 voluerit,
626 1211 681 1226 cum
700 1204 773 1226 fuerit
794 1204 940 1233 requisitus3
963 1205 1058 1233 proviso
1079 1204 1145 1233 quod
1166 1203 1242 1225 eidem

174 1233 270 1255 Vicario
281 1236 305 1256 et
321 1234 373 1262 ejus
384 1233 482 1256 honeste
494 1235 517 1256 et
528 1234 657 1255 necessarie
668 1234 757 1255 familie
776 1234 799 1255 in
812 1234 956 1256 victualibus
977 1234 1075 1256 honeste
1089 1233 1243 1262 deserviatur,

174 1264 198 1284 et
215 1263 348 1285 animarum
365 1270 422 1285 cura
440 1263 515 1292 ipsius
534 1263 628 1285 Vicarie
646 1263 743 1285 minime
760 1263 914 1292 negligatur''
932 1263 955 1292 (S
971 1263 1043 1291 Jiuie,
1064 1263 1146 1292 1310);
1163 1263 1245 1285 52¹2.—

175 1292 213 1314 Sir
232 1293 347 1322 Reginald
365 1293 386 1315 le
404 1293 454 1320 Sor,
470 1293 497 1315 R.
518 1293 544 1315 of
559 1293 592 1314 St.
608 1293 839 1321 Justdn-Roseland,
852 1300 900 1315 was
912 1293 1044 1322 appointed
1062 1293 1099 1315 bis
1111 1292 1242 1321 coadjutor,

178 1322 191 1344 8
209 1322 281 1351 Aug„
295 1323 367 1351 13103
385 1323 414 1345 54
435 1323 500 1351 {here
517 1323 593 1345 called
604 1323 764 1345 Niclzolas—a
780 1323 874 1345 clerica]
890 1330 968 1350 err0r3
985 1323 1026 1345 the
1042 1330 1110 1345 name
1126 1322 1168 1345 1135
1185 1322 1244 1345 been

174 1352 278 1381 written,
292 1352 351 1375 with
362 1353 471 1375 different
483 1352 532 1381 ink,
543 1359 572 1374 on
584 1359 598 1374 a
609 1352 682 1374 blank
693 1353 782 1382 spaceJ.

86 1390 131 1423 St.
150 1390 325 1429 Orantock,
338 1392 395 1423 the
413 1391 590 1433 Collegiate
608 1391 737 1423 Church
754 1391 841 1427 of,--

216 1435 359 1459 Amicabilis
381 1435 526 1466 Omaposicio
544 1437 607 1459 incer
626 1435 757 1458 Dominum
775 1439 795 1459 et
813 1435 1019 1459 Aa-chicliaconum
1038 1435 1158 1459 Coi-nubre
1174 1443 1246 1466 super

282 1468 461 1492 Jurrisdiccione
474 1470 499 1491 in
512 1468 615 1491 Ecclesia
627 1468 711 1491 Sanco·
725 1468 854 1491 Oarcmtoci
866 1475 908 1490 :—

145 1499 273 1528 Walterus,
286 1502 330 1522 etc.
345 1500 444 1523 Officiali
462 1500 591 1522 Peculiaris
611 1500 625 1522 J
628 1500 790 1522 uriszlicoionis
809 1500 920 1528 salutem,
938 1500 1082 1523 etQ—Licet
1100 1499 1241 1522 karissimus

175 1530 239 1552 filius
255 1531 279 1552 et
296 1530 386 1552 amicus
403 1531 491 1557 noster,
504 1530 621 1551 Dominus
634 1529 711 1551 Adam
727 1529 756 1551 de
768 1529 900 1557 Carletone,
913 1529 1101 1551 Archidiaconus
1113 1529 1240 1558 Coruubie,

174 1559 289 1588 inceperit
301 1561 383 1582 eontra
392 1566 443 1586 nos,
453 1559 583 1588 peraliqua
593 1561 708 1587 tempora,
717 1561 745 1581 ut
756 1559 876 1587 asseritur,
890 1559 1025 1588 aliqualiter
1032 1559 1151 1587 rebellare,
1162 1560 1245 1588 postea

174 1590 262 1617 tamen,
279 1590 367 1611 saniori
393 1589 481 1611 ductus
504 1589 610 1616 consilio,
625 1596 698 1617 super
722 1589 833 1611 omuibus
850 1589 1022 1611 discordiarum
1040 1589 1145 1611 materiis
1163 1590 1244 1611 nostre

176 1619 329 1641 Ordinacioni
340 1619 481 1648 simpliciter
491 1625 515 1640 se
526 1618 639 1640 submisit
650 1626 654 1646 ;
673 1618 727 1641 hinc
738 1620 774 1641 est
785 1618 850 1647 quod
861 1625 911 1646 nos,
924 1619 1073 1641 attendentes
1085 1618 1149 1647 quod
1163 1618 1243 1640 nobile

175 1655 249 1677 genus
267 1649 376 1671 vincendi
392 1649 424 1671 sit
441 1649 559 1677 ignoscere
581 1648 605 1670 111
624 1648 732 1677 quolibet
752 1648 895 1677 presidente,
919 1648 1011 1670 dictum
1030 1648 1232 1670 Arehidiaconum

175 1678 313 1705 Officialem,
327 1680 350 1701 et
363 1679 485 1700 lilinistros
503 1685 566 1705 suos,
580 1678 625 1700 sub
644 1683 707 1700 certa
725 1678 801 1700 forma
815 1678 930 1700 secrecius
948 1678 1010 1700 inter
1020 1685 1063 1700 nos
1075 1678 1204 1707 prolocuta,
1218 1678 1243 1700 in

175 1710 279 1730 nostram
301 1708 433 1737 recepimus
452 1708 584 1730 amiciciam
605 1708 738 1736 specialem.
773 1709 841 1735 Cum,
864 1708 944 1736 igitur,
965 1708 991 1730 id
1011 1708 1076 1736 quod
1096 1715 1110 1730 a
1128 1707 1198 1730 Patre
1219 1708 1243 1729 et

174 1738 284 1766 Domino,
298 1738 344 1760 sub
365 1745 405 1766 spe
418 1738 481 1766 pacis
493 1740 517 1760 et
528 1738 642 1765 caritatis,
656 1738 756 1760 fideliter
767 1739 791 1760 et
804 1737 904 1759 feliciter
920 1737 1070 1766 prelocutum
1082 1739 1117 1759 est
1128 1737 1214 1759 debeat
1226 1744 1240 1759 a

175 1768 229 1790 tiliis
247 1769 271 1790 et
289 1767 393 1790 subditis
410 1767 512 1789 fideliter
531 1767 657 1795 observari,
671 1774 712 1789 vos
729 1768 820 1789 attente
836 1774 954 1795 rogamus,
968 1767 1107 1789 mandantes
1119 1767 1239 1796 quatinus,

174 1797 310 1826 predictum
322 1797 530 1824 Archidiaconum,
544 1797 680 1824 Officialem,
694 1797 824 1824 ministros,
837 1798 861 1819 et
877 1797 1005 1819 familiares
1022 1803 1084 1825 suos,
1100 1797 1124 1818 in
1141 1796 1243 1819 similem

175 1827 307 1849 amiciciam
324 1827 493 1855 recolligentes,
507 1829 530 1848 et
548 1827 578 1848 ab
595 1827 648 1848 aliis
660 1827 722 1854 filiis,
736 1826 847 1855 subditis,
861 1827 885 1848 et
896 1826 977 1848 amicis
989 1826 1076 1848 nostris
1088 1826 1158 1848 modo
1170 1825 1243 1848 simili

176 1857 281 1885 recolligi
299 1858 462 1886 procurantes,
475 1857 499 1878 in
511 1856 557 1878 hiis
568 1863 614 1885 que
626 1863 703 1878 coram
715 1856 783 1878 robis
794 1856 884 1885 agenda
901 1857 958 1878 sunt
970 1856 1047 1878 eidem
1058 1855 1240 1884 Archidiacono,

176 1886 277 1909 Officiali
287 1893 338 1915 suo,
352 1888 376 1909 et
387 1886 502 1908 ministris
519 1886 569 1908 suis
581 1886 670 1915 absque
685 1886 746 1914 juris
758 1888 781 1908 et
793 1886 870 1908 Partis
882 1886 976 1914 injuria,
989 1886 1093 1908 iavorem
1105 1887 1128 1908 et
1139 1885 1242 1914 graciam

176 1916 328 1945 impendatis.
361 1916 496 1945 Speramus,
509 1916 579 1943 enim,
593 1916 757 1938 indubitanter
768 1916 833 1944 quod
846 1915 910 1937 idem
921 1915 1117 1943 Archidiaconus,
1130 1922 1173 1944 per
1183 1922 1207 1937 se
1218 1916 1242 1937 et

176 1953 239 1973 suos,
260 1953 314 1975 erga
341 1953 383 1968 nos
402 1948 426 1968 et
444 1948 537 1967 nostros
555 1946 588 1967 sic
605 1952 630 1967 se
649 1945 748 1967 habebit
767 1945 791 1967 in
809 1946 919 1967 futurum
936 1945 1000 1974 quod
1018 1945 1047 1967 de
1065 1945 1140 1974 ipsius
1162 1944 1241 1966 obedi·

175 1976 249 2004 encia,
262 1976 397 2003 devocione,
410 1978 433 1997 et
451 1975 617 1997 benevolencia
635 1975 719 1997 merito
736 1975 864 1997 debeamus
880 1975 1051 1997 commendare.
1084 1974 1185 2003 Propter
1196 1980 1241 2003 que

176 2006 299 2034 cupientes
310 2005 386 2027 eidem
399 2005 570 2027 Archidiaeono
587 2005 689 2033 graciam
707 2005 782 2026 facere
799 2004 933 2033 specialem,
946 2004 1014 2026 vobis
1032 2004 1173 2026 mandamus
1184 2010 1240 2032 qua-

174 2035 240 2057 tinus
258 2035 288 2057 ab
306 2035 370 2057 omni
388 2035 514 2056 excercicio
533 2034 714 2056 Jurisdiccionis
726 2034 929 2056 Archidiaconalis
940 2034 970 2062 *in
987 2034 1078 2063 populo
1097 2033 1242 2056 Parochialis

174 2065 277 2087 Ecclesie
289 2064 369 2087 Sancti
381 2064 505 2086 Carantoci
527 2066 551 2086 et
562 2064 657 2092 Capelle
669 2064 754 2086 Sancte
766 2064 882 2086 Columbe
899 2064 1006 2091 Minoris,
1020 2064 1044 2085 in
1060 2063 1148 2092 quibus
1163 2063 1242 2085 dictus

176 2094 363 2116 Arrhidiaconus
374 2094 573 2116 durisdiccionem
585 2093 803 2115 Arcliidiaconalem
816 2093 845 2115 ad
856 2100 880 2115 se
892 2094 976 2115 asserit
986 2093 1111 2122 pertinere,
1124 2092 1241 2115 abstinea-

172 2125 212 2149 tis.
232 2125 256 2146 et
274 2131 288 2146 a
312 2124 503 2152 quibuscumque
519 2123 693 2145 Commissariis
710 2123 797 2145 nostris
815 2124 839 2145 et
855 2123 940 2145 vestris
958 2123 982 2144 iu
1000 2122 1044 2145 hac
1080 2124 1130 2145 arte
1147 2122 1240 2144 faciatis

172 2154 268 2183 penitus
280 2153 393 2176 abstineri
403 2161 408 2181 3
422 2154 499 2181 ipsum
509 2153 707 2175 Archidiaconum
718 2153 741 2175 in
752 2153 798 2175 hiis
809 2153 825 2175 J
829 2152 1008 2175 urisdiccionem
1019 2153 1066 2175 Arc
1085 2151 1239 2174 idiacoualem

170 2190 246 2213 perse
269 2185 292 2206 et
310 2190 364 2206 suos
381 2190 499 2205 excercere
517 2182 590 2205 libere
607 2183 780 2212 permittentes.
815 2182 885 2211 Scire,
898 2184 986 2211 tamen,
999 2189 1041 2205 vos
1052 2182 1162 2205 volumus
1174 2181 1238 2211 quod
