1328 2295
22 261 104 289 Coeus,
117 261 250 284 Willelmus

20 291 167 319 Wodeleghe,
180 291 235 314 Joh.
250 291 279 314 (18

20 320 144 348 Traclasta,
155 321 219 343 Will.

20 349 80 378 clyf‚
94 350 209 372 Hem-icus

19 379 102 407 Wyeh,
115 380 231 402 Roberizus

19 408 98 437 Prouz,
113 409 227 432 Henrieus

18 438 127 466 Venator,
140 439 196 467 Reg.

18 467 102 496 Batyu,
115 468 202 495 symon

18 497 120 526 Wetene,
133 498 183 521 Ric.
195 498 216 520 18

19 526 142 556 Hurdyng,
152 527 216 550 Will.

20 556 91 584 Rode,
104 557 179 579 Adam

21 585 166 614 Nosthbovy,
181 586 236 609 Joh.
248 586 277 608 de

134 624 273 652 Accone)—

19 653 114 682 Thome,
137 654 196 682 Ric..
221 654 250 676 de

47 683 118 711 Otery

20 713 119 741 ffluwes,
132 713 215 735 Petrus
225 713 263 741 (18,

49 743 76 765 R.
89 743 150 765 Eccl.
163 743 191 764 de
206 742 279 765 Rack-

48 772 166 794 ernetorde

20 801 119 829 Bathon,
132 801 196 824 Will.

18 831 40 853 N
42 833 155 859 ymetone,
168 831 224 854 Joh.
237 831 265 853 de

19 860 102 883 Sancto
124 861 258 889 Laurencio,

48 890 150 912 Barthol.
164 891 200 919 de,
212 891 239 913 R.
252 890 281 912 de

48 920 127 942 Mathe

20 949 153 977 Leuestone,
164 949 227 972 Will.
240 949 269 971 de

19 978 93 1007 Slade,
114 979 169 1002 doh.
191 979 227 1007 de,
249 979 278 1001 le-

47 1009 170 1037 yitivnatus

20 1038 155 1067 Bethelgod,
168 1038 222 1060 Joh.
236 1038 265 1060 de

21 1067 121 1096 Marcke,
131 1068 146 1090 J
149 1068 249 1090 ohannes

19 1097 144 1126 Audevere,
158 1097 214 1119 Dav.
229 1097 257 1119 (18

19 1127 133 1155 Baueeyn,
147 1127 168 1149 N
171 1127 224 1155 ich„
238 1127 267 1149 {e-

46 1157 168 1185 mamacas

401 182 669 216 ORDINATIONS,
698 182 774 208 E'ro.

309 262 383 288 Jesse,
396 262 412 284 J
414 261 452 285 oh.

310 291 443 320 Bineleghe,
455 290 519 313 Will.
534 290 563 313 de

310 321 464 348 Frankeleyn.
476 320 553 349 Rigin.

311 351 404 379 Brenta,
417 350 482 373 Will.

309 380 386 408 Wike,
400 380 448 402 Ric.
463 380 492 401 de

308 409 426 438 attaheye,
439 409 519 432 Thom.

307 439 415 467 Treswel,
428 439 477 461 Rie.
491 438 520 461 de

308 468 411 496 Wetene,
425 468 506 490 Thom.

308 498 483 549 Hoiggebmsshe,
497 498 513 520 J
515 497 552 521 oh.

354 534 366 549 e

308 556 436 585 Herevard,
449 556 514 579 Will.

309 653 443 682 'Fregenae
459 653 513 676 Joh.
533 653 569 682 de,

337 683 482 711 leqitimatzhs

311 713 378 741 Boys,
392 713 455 735 Will.
468 713 497 735 (18

310 743 404 769 Loture,
417 743 433 765 J
436 742 473 765 oh.

310 772 462 823 Gyzisdesham,
485 772 559 795 Galfr.

355 808 367 823 e

312 831 383 859 Piers,
398 831 414 853 J
417 831 519 853 ohannes

311 860 389 888 Torre,
402 861 461 883 Rob.
474 861 503 883 de

311 890 396 912 Sancta
414 890 523 918 Neulina,

340 920 413 942 Henr.
426 920 454 942 de

310 949 381 977 Rede,
394 949 513 971 Johannes

310 978 383 1007 Nigra
402 986 474 1007 mora,
498 978 557 1002 Rob.

339 1009 367 1030 (18

310 1037 382 1066 More,
396 1038 467 1060 Henr.
480 1038 508 1060 (18
519 1038 542 1059 la

310 1067 482 1095 Chevelestone,
497 1067 560 1090 Wffl.

337 1097 365 1119 de

306 1126 416 1154 Adelard,
430 1127 517 1154 Symon

309 1156 405 1184 Fouwy,
418 1156 481 1179 Gilb.

308 1191 342 1210 fol.
353 1192 396 1211 231.

146 1224 331 1255 Subdiaconi,-—

87 1257 240 1286 Yvelcombe,
254 1258 365 1282 Oliverus
376 1258 413 1286 (18,
430 1258 461 1281 ad
473 1266 535 1288 pres.
552 1258 619 1281 Dom.
634 1257 800 1281 Bartholomei
812 1258 843 1281 de
855 1258 997 1282 Greinevile.

87 1291 190 1320 Deneys,
204 1291 348 1319 Willelmus,
361 1291 392 1313 ad
404 1298 465 1321 pres.
482 1290 600 1314 Wfflelmi
615 1291 766 1314 Herewarde.

87 1323 191 1350 Tanner,
203 1323 334 1352 Johannes,
344 1324 374 1346 ad
386 1331 447 1353 pres.
458 1323 548 1346 Prioris
560 1324 590 1347 de
603 1323 687 1346 Monte
700 1323 783 1347 Sancti
796 1323 927 1347 Michaelis.

90 1356 171 1382 Uduo,
183 1355 262 1378 Adam
275 1356 313 1382 de,
326 1356 356 1379 ad
373 1364 435 1386 pres.
450 1356 522 1379 Alani
534 1356 564 1379 de
576 1356 703 1379 Kernicke.

87 1388 216 1418 Eglosheii,
230 1388 348 1411 Ricardus
360 1388 398 1416 de,
412 1389 442 1411 ad
454 1396 516 1418 pres.
530 1389 601 1411 Dom.
615 1388 700 1411 Jacobi
712 1388 818 1412 Peverel.

87 1420 227 1450 Helestone,
241 1421 384 1444 Paschasius
396 1421 434 1447 de,
447 1421 479 1444 ad
491 1429 551 1451 pres.
566 1421 666 1444 Heurici
678 1421 708 1444 de
720 1421 877 1451 Pengreseck.

600 260 776 313 Bfflynhuue'
789 258 861 283 Walt.

602 320 689 348 Honte,
703 319 779 341 Adam

601 350 674 378 Peyn,
688 350 737 371 Rio.
750 349 779 370 de

600 379 736 406 Dirlaunde,
749 378 764 400 J
767 377 804 400 oh.

600 408 670 437 Keta,
687 409 742 431 Joh.

599 438 671 466 Loda,
684 438 734 460 Ric.

598 467 677 495 Torra,
690 467 745 490 ι1011.
758 467 787 489 (18

599 497 732 526 Aldeweye,
746 497 810 522 Will.
822 498 851 521 de

599 527 722 555 Vigerous,
734 526 750 548 J
753 526 790 550 oh.

600 556 746 585 Lusteleghe,
759 556 810 586 Rig.
825 557 854 580 de

602 653 687 682 Corph‚
700 654 737 676 Fr.
748 653 812 676 Wiu.
826 654 863 682 (18,

630 683 760 706 Monachus
769 684 798 706 (18
808 684 863 706 Boc—

630 713 715 735 launde

601 742 698 769 Webbe,
721 742 787 771 Joh.,
810 742 839 765 de

631 772 738 794 Modberi

600 801 771 853 Treibidannan,
794 802 854 824 Rob.

631 839 639 853 (
648 838 660 853 8

603 860 675 889 Nigra
690 868 762 889 mora,
776 861 863 884 Oliver-

630 897 658 912 us
670 890 698 912 de

601 919 707 947 Sofflete,
722 920 785 943 WiU.

602 950 722 977 Pomeray,
737 950 794 972 Rad.

603 979 728 1007 Lumbanl,
741 980 756 1001 ,Ι
759 980 797 1003 oh.
814 979 862 1002 dic-

631 1010 683 1036 210⁸}
700 1009 844 1037 leqitz'matus

601 1038 718 1067 Toueeyn,
731 1039 862 1066 Ra‹1.,Can-

630 1068 710 1090 onicus
725 1068 863 1090 Lancetonie

600 1097 673 1126 Tavy,
683 1097 742 1125 Ric„
752 1098 862 1120 Monach-

630 1134 657 1149 us
669 1127 697 1149 de
709 1127 784 1149 Forda

601 1156 677 1184 Adon,
690 1157 809 1179 Johannes

601 1186 721 1215 Blessyng,
739 1186 803 1208 Wffl.

87 1452 211 1483 Coppyng,
224 1453 338 1481 Thomas,
350 1454 380 1476 ad
393 1461 454 1483 pres.
468 1454 539 1477 Dom.
553 1452 672 1476 Willelmi
685 1454 715 1476 de
728 1454 852 1477 Botriaux.

86 1486 229 1513 Tresodorn,
242 1486 258 1509 J
260 1486 367 1509 ohannes
379 1486 415 1514 (18,
429 1486 459 1509 ad
472 1494 533 1516 pres.
547 1486 649 1509 Walfieri
661 1487 691 1509 de
703 1486 915 1517 Trewynhelecke.

86 1520 212 1549 attemeye,
225 1518 314 1547 Adam,
329 1519 360 1541 ad
373 1526 434 1549 pres.
450 1518 522 1542 Dom.
536 1519 637 1542 Roberti
646 1519 677 1542 (18
689 1519 807 1546 Hor-tone,
825 1519 919 1542 Militis.

88 1551 160 1579 Gove.
174 1551 298 1580 Rieardus,
311 1551 342 1574 ad
353 1559 415 1581 pres.
428 1549 445 1573 J
447 1551 548 1574 ohannis
561 1551 583 1574 18
596 1552 680 1582 Poyer.

87 1582 170 1612 stone,
182 1583 198 1607 J
200 1584 314 1611 ohannes,
327 1584 358 1606 ad
369 1591 431 1614 pres.
445 1583 566 1607 Johaunis
581 1584 722 1607 Walraund.

87 1615 211 1646 Twoeyn,
225 1616 355 1644 Walterus,
367 1615 397 1639 ad
409 1624 469 1646 pres.
484 1616 600 1639 Wfllelmi
612 1616 634 1639 18
646 1617 732 1645 Prouz,
745 1616 840 1640 Militis.

86 1648 217 1678 Treglaste,
231 1649 353 1672 Rnbertus
365 1649 403 1677 (18,
416 1649 447 1671 ad
459 1656 519 1678 pres.
537 1648 651 1679 Symonis
664 1649 766 1672 Giffard.

86 1681 198 1709 Yoltoue,
211 1681 350 1704 Bonifacius
361 1681 399 1709 de,
411 1681 443 1704 ad
455 1689 517 1711 pres.
532 1681 632 1704 Roberti
645 1681 700 1704 Filii
713 1681 838 1705 Willelmi.

85 1713 188 1743 Aehym,
200 1713 216 1737 J
218 1714 331 1743 ohannes,
344 1714 375 1736 ad
388 1721 448 1743 pres.
461 1713 582 1737 ,Iohannis
593 1714 624 1736 de
637 1714 748 1737 Penfrau.

86 1746 247 1775 Harethorne,
259 1746 384 1769 Johannes
396 1746 434 1775 (18,
446 1746 477 1769 ad
490 1754 551 1776 pres.
565 1746 663 1769 Ricardi
676 1747 706 1769 de
720 1747 821 1777 Hywys,
834 1745 932 1769 Militis.

84 1778 218 1809 Wastepre,
231 1779 353 1802 Robertus
365 1778 448 1805 dictus,
461 1779 491 1801 ad
504 1787 568 1808 pres.
582 1779 691 1808 Magistri
704 1779 820 1802 willelmi
832 1779 862 1802 de
875 1778 1006 1809 Kylkenui.

86 1810 185 1839 Martin,
197 1811 343 1839 Willelmus,
356 1811 387 1834 ad
399 1819 460 1841 pres.
474 1811 641 1834 Bartholomei
654 1811 754 1834 Giffa-rd.

86 1843 232 1873 Gatepathe,
245 1844 382 1866 Willelmus
394 1844 432 1872 (18,
445 1843 475 1866 ad
490 1852 552 1874 pres.
567 1844 685 1867 Willelmi
698 1843 802 1875 Bessyn.

87 1875 186 1905 Giffard,
200 1876 316 1905 Magister
327 1876 440 1904 Thomas,
453 1876 484 1899 ad
496 1876 601 1906 graciam
615 1876 721 1899 Domini.

89 1908 133 1937 Ya,
145 1908 226 1931 David
238 1909 267 1931 de
280 1909 309 1936 la,
322 1909 353 1931 ad
364 1916 425 1938 pres.
439 1909 528 1932 Prioris
540 1911 566 1931 et
580 1909 656 1932 Conv.
669 1909 699 1931 de
711 1908 789 1932 Berliz
803 1907 944 1938 [Hminem.

87 1940 173 1969 Baron,
188 1941 203 1964 J
205 1941 311 1964 ohannes
323 1941 407 1967 dictus,
422 1941 452 1964 ad
465 1949 525 1971 pres.
540 1941 628 1971 Rogeri
643 1940 706 1964 Cole.

87 1973 214 2004 Weytone,
228 1973 353 1997 Gilbertus
365 1974 395 1996 (18
407 1974 436 2001 la,
453 1973 481 1996 ad
496 1981 555 2004 pres.
571 1973 678 2004 Philippi
692 1974 722 1996 (18
739 1973 762 1996 Ia
773 1973 866 2004 Metyn.

88 2005 164 2034 Dene,
176 2006 289 2033 Thomas,
302 2006 332 2029 ad
344 2014 405 2036 pres.
420 2006 523 2029 Abbatis
536 2006 660 2029 Bufestrie
673 2005 814 2035 [thckfast].

88 2038 236 2067 Axemuthe,
249 2039 264 2061 J
267 2038 373 2061 ohannes
385 2039 422 2066 (18,
435 2038 466 2061 ad
477 2047 537 2069 pres.
553 2039 651 2062 Ricardi
664 2039 751 2069 Dygon
764 2041 788 2062 et
800 2038 919 2062 Johannis
931 2038 954 2062 18
966 2038 1035 2062 Veer.

89 2070 180 2100 Douee,
192 2071 321 2099 Walterus,
334 2071 365 2094 ad
377 2078 439 2101 pres.
453 2071 555 2095 Walteri
569 2071 675 2094 Pollard.

92 2103 217 2133 Tyntagel,
231 2103 369 2126 Alexander
380 2104 417 2132 de,
431 2104 460 2126 ad
473 2111 534 2133 pres.
546 2103 659 2126 Nicholai
673 2103 774 2126 Giffard.

91 2135 233 2166 Nywatone,
245 2135 262 2158 J
264 2136 371 2159 ohannes
382 2136 419 2164 (18,
435 2137 465 2159 ad
478 2144 539 2166 pres.
553 2136 626 2160 Dom.
639 2136 732 2160 Thome
744 2136 774 2159 de
788 2136 923 2160 Cilecestre.

173 2168 233 2203 21²

1083 170 1152 207 491

898 259 1025 288 Trewalga,
1038 259 1109 282 Walt.
1123 258 1153 282 (18

893 289 976 318 Fonte,
988 290 1045 317 Rog.
1059 289 1088 311 de

892 319 1010 347 Worhela,
1024 319 1088 342 Edw.
1101 318 1130 341 de

892 348 984 377 Stouta,
997 348 1045 371 Ric.

891 378 1038 406 Kthstone,
1048 377 1113 401 Will.
1124 377 1154 400 de

893 407 1025 435 Holawille,
1038 408 1114 430 Heur.
1124 407 1154 430 de

892 437 1039 466 Baggetorre,
1051 437 1136 460 Thom.

890 466 1044 496 Ynkepenne,
1066 466 1138 489 Walt.

920 497 956 525 de,
968 496 997 519 de
1008 497 1082 525 Dyoc.
1094 496 1155 525 Lyn-

920 527 989 555 coln.,
1012 526 1043 548 ad
1065 526 1123 548 Litt.

921 556 982 579 Dim.
997 556 1074 585 Episc.
1086 555 1131 579 sui.

894 653 1016 682 Tappyng,
1028 652 1101 676 Walt.

894 682 985 705 Picard.
999 682 1049 705 Ric.

894 712 1020 740 Oarswffle,
1033 711 1088 734 Joh.
1099 711 1128 734 (18

894 742 969 770 Βογη,
986 741 1098 764 Moricius

894 771 1017 800 Gamelyn,
1030 771 1089 794 Rad.

893 800 1044 829 Northwode,
1054 800 1112 823 Rad.
1124 800 1154 823 (18

894 830 1041 859 Lodyswffle,
1055 830 1126 854 Hem.

922 860 951 882 de

893 890 979 913 Sancto
1002 889 1123 918 Miehaele,

923 919 1002 948 Steph.
1016 919 1045 941 de

893 948 1043 978 Wodeleghe,
1066 949 1138 972 Henr.

922 979 951 1001 de

892 1008 959 1036 solis,
976 1008 1096 1030 Johanues

893 1038 1046 1067 Nywenham,
1059 1037 1120 1060 Will.

922 1068 950 1090 de

892 1097 978 1120 Sancto
999 1097 1109 1125 Martino,

921 1127 993 1150 Walt.
1007 1127 1035 1149 de

892 1156 1057 1185 Thorvertone,
1068 1157 1083 1178 J
1085 1156 1123 1179 oh.

922 1186 951 1208 (18
