1328 2295
381 168 547 194 GENERAL
576 167 907 194 mDEx—BosHAM.
1165 160 1210 197 57

148 247 233 277 tithes,
243 256 269 272 as
280 248 342 279 they
350 248 448 272 formed
459 256 491 272 no
504 250 561 279 part
572 248 598 272 of
609 247 647 271 his
656 247 786 276 Prehend;
801 247 851 271 and
863 247 907 271 the
919 246 1003 270 others
1015 246 1068 270 said
1080 246 1124 270 the
1136 254 1210 270 same.

149 281 256 304 —Unde
273 281 356 311 quoad
374 289 414 304 eos
430 281 474 312 qui
492 281 571 305 dictas
589 281 696 304 decimas
720 280 832 311 optinere
849 280 977 309 deberent,
995 280 1016 303 si
1033 279 1111 310 petite
1129 281 1212 303 essent

148 315 174 336 et
186 313 278 343 habite,
296 332 301 337 .
321 332 326 337 .
346 332 351 337 .
370 314 564 344 pronunciatum
580 316 619 337 est
636 321 726 344 penam
743 321 772 336 ea
789 312 915 336 occasione
929 312 1072 343 impositam
1084 312 1110 335 in
1122 312 1213 335 ultima.

149 345 301 369 Visitacione
324 346 426 376 Thome,
450 354 530 377 nuper
553 346 700 369 Exoniensis
724 345 847 376 Episcopi,
871 353 923 368 esse
946 345 1112 373 commissam,
1137 346 1163 368 et
1186 344 1212 368 in

148 378 286 402 utilitatem
299 379 414 408 Ecclesie,
427 387 471 409 pro
483 379 646 409 disposicione
658 378 775 409 Episcopi
787 377 942 407 Exouiensis,
955 377 1155 401 convertendam.

117 409 174 433 Alia
186 418 252 441 pem
265 412 502 441 mmmmm—Item,
515 412 645 435 detectum
657 414 696 434 est
712 429 717 435 .
737 429 742 435 .
761 429 767 435 .
785 429 790 434 .
810 411 878 441 quod
894 411 921 433 in
932 410 999 434 dicta
1012 410 1112 440 Capella
1130 427 1135 432 .
1156 425 1162 432 .
1182 425 1188 432 .

147 443 268 467 deficiunt
292 444 476 467 Candelabrum
504 444 629 473 Paschale,
654 444 746 467 Velum
775 443 999 474 Quadragesimale,
1025 442 1212 473 Epistolarium,

149 476 387 507 Ewangelisterium,
401 485 467 500 asser
486 477 518 500 acl
539 478 635 505 Pacem,
656 477 724 500 Stole
747 478 773 499 et
790 476 913 506 Manipuli
931 484 975 506 pro
995 476 1094 499 duobus
1112 475 1213 505 paribus

148 508 370 538 Vestimentorum,
392 517 500 540 quorum
523 509 636 533 invencio
659 511 685 532 et
704 509 828 539 reparacio
852 510 949 539 spectat
972 508 1003 531 ad
1027 507 1163 532 Canonicos
1187 507 1212 530 in

148 541 294 570 communi;
313 550 347 570 ac,
364 542 449 571 eciam,
465 542 507 565 alii
520 542 605 572 plures
621 542 734 565 defectus
752 542 796 571 qui
810 541 836 564 in
854 541 944 564 ultima
961 541 1111 564 Visitacione
1127 548 1212 570 supra-

149 573 209 597 dicti
221 574 316 597 Thome
335 592 340 598 .
361 593 365 597 .
385 593 390 598 .
412 575 533 605 comperti
546 575 686 598 extiterunt
699 582 704 603 ;
722 582 797 604 super
812 574 968 604 reparacione
981 580 1089 604 quorum
1101 572 1214 603 apposita

148 606 199 629 fuit
210 614 274 637 pena
291 607 379 637 viginti
397 607 612 630 librarum.—The
629 607 735 634 Canens,
747 607 780 637 by
795 606 861 629 their
876 607 997 634 Proctors,
1011 605 1140 629 confessed
1157 605 1214 628 that

148 638 199 662 this
218 639 306 670 charge
325 647 373 663 was
396 642 461 668 true,
480 640 529 663 and
546 640 604 663 that
620 639 680 670 they
699 639 748 662 had
765 647 797 662 no
815 647 904 662 excuse
921 641 947 662 to
965 638 1141 662 offe1-.—Unde
1159 645 1213 668 pro-

149 672 298 695 nunciatum
319 675 364 701 est,
385 675 430 695 etc.
450 691 455 696 .
474 691 479 696 .
499 691 504 696 .
523 675 549 695 et
569 672 745 695 nichilominus
768 672 912 702 injunctum
931 674 969 694 est
989 671 1063 694 dictis
1084 670 1214 694 Canonicis

174 722 179 727 .
199 722 204 727 .
223 705 270 727 sub
290 713 353 735 pena
369 705 642 728 Excommunicacionis
658 707 751 728 extunc
769 704 925 733 ineurrende,
942 704 1010 734 quod
1027 704 1089 726 citra
1110 703 1214 726 Festum

150 736 221 760 Beati
238 737 365 761 Michaelis
382 738 495 768 proximo
512 738 630 761 futurum
648 745 688 761 eos
706 737 750 768 qui
768 737 889 760 deficiunt
903 737 1039 765 inveniant,
1056 738 1082 759 et
1098 737 1214 766 reparent

118 770 338 831 Itertiizadaextebtsiim
354 805 392 826 est
409 803 477 833 quod
496 803 523 826 R.
537 803 568 826 de
585 802 728 833 Hyngham,
746 802 774 825 R.
790 802 812 825 le
831 802 907 831 Brun,
925 802 949 825 S.
969 802 1000 825 de
1016 800 1175 824 Chesthunte
1189 802 1215 823 et

151 834 172 858 J.
185 835 215 858 de
226 835 317 864 Lewes,
336 853 340 858 .
360 853 364 858 .
384 853 389 858 .
408 835 515 858 tradunt
527 835 668 858 Prebendas
681 843 737 858 suas
750 835 781 858 ad
794 835 890 858 firmam
904 834 978 862 laicis,
990 834 1084 864 absque
1094 833 1213 857 Licencia.

150 868 222 898 —By
239 867 304 891 their
322 868 443 896 Proctors,
462 868 505 891 the
523 868 577 891 first
595 870 644 891 two
662 868 785 890 admitted
802 867 845 890 the
861 867 957 897 charge,
972 867 1023 890 and
1039 866 1083 890 the
1099 866 1148 889 last
1164 868 1215 889 two

53 897 132 926 misef'l·
150 900 240 923 denied
257 900 296 929 it;
314 901 363 923 and
380 901 424 924 the
440 900 534 923 former
546 908 609 923 were
623 900 727 923 ordered
745 903 771 923 to
791 900 821 923 be
835 900 960 930 punished
977 901 1023 929 (we
1041 907 1081 922 are
1098 901 1144 922 not
1161 898 1215 921 told

53 924 131 943 emma·
151 932 225 962 how),
238 933 288 956 and
299 933 343 956 the
355 933 431 956 latter
444 941 508 956 were
520 933 674 963 discharged.

118 965 199 989 Nota:
219 968 302 989 contra
320 965 542 995 ⁷·iacantes‚—Item‚
555 966 684 989 detectum
701 968 739 988 est
756 984 760 989 .
782 983 786 987 .
806 983 810 988 .
830 965 898 996 quod
916 965 1007 988 Vicarii
1025 983 1031 988 .
1053 982 1058 988 .
1080 981 1085 987 .
1104 964 1215 987 rixantes

152 1000 211 1021 sunt
229 998 255 1021 in
274 998 361 1027 Choro,
380 1001 413 1027 et,
431 998 525 1028 absque
544 998 645 1021 licencia
664 998 770 1021 Sacriste
791 998 857 1027 Loci,
877 998 988 1021 Chorum
1009 999 1109 1026 exeunt,
1128 999 1215 1020 contra

152 1030 358 1054 consuetudinem
376 1031 442 1054 dicte
461 1031 560 1061 Capelle
583 1033 609 1054 et
632 1034 777 1061 preceptum
803 1031 903 1053 Domini
926 1031 1021 1053 Thome
1044 1029 1168 1060 Episcopi,
1188 1029 1215 1052 in

152 1063 242 1086 ultima
254 1063 403 1086 Visitacione
415 1071 465 1086 sua.
471 1063 554 1086 —The
567 1063 614 1086 five
626 1063 711 1086 Vicars
731 1063 831 1091 (named
843 1063 869 1086 in
887 1063 930 1086 the
943 1063 1075 1091 Schedule)
1093 1062 1216 1093 appeared

149 1095 176 1119 in
198 1103 294 1125 person,
318 1096 367 1119 and
385 1096 475 1119 denied
492 1096 549 1119 that
566 1096 637 1118 these
656 1096 742 1126 things
764 1104 826 1118 were
847 1098 911 1125 true,
935 1096 984 1119 and
1005 1095 1098 1125 having
1118 1094 1214 1125 purged

152 1128 303 1151 themselves
315 1128 341 1151 in
354 1129 403 1151 due
415 1129 480 1151 form
492 1136 555 1151 were
573 1128 725 1158 discharged.

121 1161 194 1189 Item,
214 1161 342 1184 detectum
360 1163 399 1184 est
414 1179 419 1184 .
440 1179 445 1184 .
465 1179 469 1184 .
489 1161 556 1191 quod
575 1161 698 1184 Dominus
714 1161 863 1191 Radulphus
880 1161 910 1184 de
929 1161 1065 1192 Hyugham
1083 1179 1087 1183 .
1107 1178 1111 1183 .
1131 1178 1136 1183 .
1156 1160 1215 1183 sub-

153 1193 231 1216 traxit
243 1194 291 1216 tria
303 1194 429 1223 quarteria
441 1193 563 1216 frumenti
576 1196 602 1216 et
611 1193 752 1222 dimidium,
766 1196 792 1216 et
806 1201 884 1216 unum
897 1194 1022 1216 busellum
1035 1196 1061 1216 et
1073 1193 1215 1220 dimidium,

152 1226 184 1249 ad
207 1234 292 1249 semen
313 1226 416 1249 Manerii
437 1227 467 1249 cle
487 1226 653 1249 Chuddeham
673 1226 765 1254 debita,
787 1234 835 1256 que
855 1226 938 1249 soluta
956 1226 1061 1249 fuerunt
1082 1233 1161 1256 usquc
1185 1225 1217 1248 ad

152 1261 253 1289 tempus
268 1259 370 1282 Domini
386 1259 476 1289 Rogeri
493 1259 523 1281 de
541 1259 695 1287 Derteforde,
709 1261 770 1282 tuuc
789 1257 921 1282 Senescalli
939 1258 1087 1282 Exoniensis
1100 1257 1216 1288 Episcopi

153 1293 179 1314 et
194 1291 220 1314 in
238 1291 324 1314 eadem
344 1291 473 1314 Prebenda
491 1291 668 1319 Prebendarii;
687 1291 737 1321 qui,
756 1299 799 1321 per
817 1291 958 1321 potenciam
976 1294 1003 1314 et
1020 1291 1216 1314 familiaritatem

153 1331 229 1354 quarn
252 1324 342 1347 habuit
362 1332 419 1347 cum
441 1324 569 1354 Episcopo,
587 1324 629 1346 illa
652 1324 731 1354 primo
755 1324 887 1353 subtraxit,
912 1326 937 1347 et
960 1324 1064 1347 audiens
1087 1323 1218 1346 raciocinia

154 1356 341 1386 Prepositorum
358 1356 413 1379 illos
431 1357 462 1379 de
479 1356 546 1379 dicto
570 1357 698 1379 frumento
719 1364 769 1379 non
788 1357 979 1387 oneravit—By
998 1357 1037 1380 his
1058 1357 1161 1379 Proctor
1184 1355 1216 1378 he

153 1389 244 1412 denied
256 1389 299 1412 the
311 1389 407 1419 charge,
420 1389 469 1412 and
481 1389 556 1412 asked
568 1389 607 1412 ior
618 1389 834 1419 inquiry-which
846 1397 895 1412 was
907 1389 1018 1419 granted.

122 1421 196 1448 Item,
210 1422 339 1445 detectum
351 1424 390 1444 est
408 1439 413 1444 .
434 1439 439 1443 .
458 1439 464 1444 .
483 1422 551 1451 quod
569 1421 687 1451 Magister
704 1421 847 1452 Stephanus
863 1422 893 1444 de
907 1422 1065 1445 Chesthunte
1083 1440 1089 1445 .
1109 1440 1114 1445 .
1134 1440 1139 1445 .
1158 1421 1215 1444 sub-

154 1454 233 1477 traxit
255 1454 304 1477 tria
321 1454 446 1484 quarteria
464 1454 587 1477 frumenti
607 1456 633 1477 et
650 1454 790 1483 dimidium,
806 1454 816 1484 j
836 1454 961 1477 busellum
979 1457 1005 1477 et
1025 1454 1167 1483 dimidium,
1185 1454 1217 1477 acl

154 1494 239 1509 semen
252 1487 356 1510 Manerii
368 1487 398 1510 de
416 1487 581 1510 Chuddeham
596 1487 626 1509 de
645 1487 774 1509 Prebenda
790 1495 835 1510 sua
851 1487 943 1516 debita,
956 1487 982 1510 in
999 1495 1105 1517 quorum
1120 1494 1215 1517 posses-

155 1519 223 1542 sione
234 1519 292 1549 jura
303 1519 456 1549 percipiendi
468 1519 506 1542 vel
519 1519 590 1549 quasi
607 1519 754 1542 Exoniensis
771 1519 887 1550 Episcopi
899 1527 949 1542 non
962 1522 1000 1542 est
1012 1520 1055 1543 diu
1068 1519 1215 1542 extiterunt.

154 1552 240 1575 —The
253 1552 345 1580 Canon,
358 1552 480 1582 appeared
496 1552 529 1582 by
544 1552 582 1574 his
599 1552 702 1574 Proctor
717 1552 767 1575 and
782 1552 873 1575 denied
885 1552 928 1575 the
941 1552 1014 1576 truth
1026 1552 1052 1575 of
1064 1552 1107 1575 the
1120 1552 1216 1582 charge,

154 1584 242 1615 asking
254 1584 292 1607 for
304 1584 525 1614 enquiry—which
538 1592 586 1607 was
598 1585 709 1614 granted,

56 1623 95 1644 fol.
107 1614 151 1643 ‘27¹’-
171 1617 244 1646 Item,
264 1619 421 1647 compertum
441 1619 479 1640 est
497 1635 501 1640 .
522 1633 527 1639 .
547 1635 551 1640 .
571 1617 638 1647 quod
658 1617 781 1640 Dominus
799 1617 928 1641 «Iohannes
948 1618 978 1641 de
1002 1618 1087 1641 Lewes
1105 1635 1110 1641 .
1130 1635 1134 1640 .
1153 1635 1158 1640 .
1179 1619 1216 1640 est

155 1649 395 1679 illegitimus—The
410 1649 457 1672 five
471 1649 556 1672 Vicars
574 1657 637 1672 were
654 1650 714 1672 then
733 1650 863 1673 examined
878 1658 904 1673 as
920 1652 947 1673 to
962 1658 1011 1680 any
1029 1650 1101 1673 other
1113 1652 1218 1673 matters

156 1681 263 1712 needing
280 1684 306 1704 to
322 1682 352 1705 be
367 1682 498 1711 reformed,
511 1682 560 1705 and
576 1682 632 1705 four
648 1682 674 1705 of
691 1682 768 1711 them,
783 1683 852 1710 Hale,
869 1683 1017 1712 Midhurste,
1030 1683 1061 1706 cle
1073 1683 1155 1712 Virga,
1168 1682 1217 1705 and

156 1714 187 1737 cle
204 1715 329 1743 Lowente,
347 1714 400 1737 said
417 1715 474 1737 that
491 1714 552 1745 they
569 1714 641 1737 knew
659 1715 684 1738 of
707 1715 813 1745 nothing
830 1715 856 1738 in
876 1715 990 1738 addition
1007 1718 1034 1738 to
1051 1715 1095 1738 the
1112 1717 1217 1738 matters

160 1746 260 1777 already
276 1749 314 1770 set
330 1747 405 1770 forth.
441 1747 492 1770 But
510 1747 605 1770 Walter
620 1747 651 1770 de
670 1747 843 1770 Bernham—“
853 1748 915 1771 dicit
932 1748 1000 1778 quod
1016 1748 1077 1771 dicti
1100 1747 1218 1771 Canonici

185 1798 190 1803 .
208 1797 212 1802 .
232 1779 309 1802 nichil
320 1779 379 1802 boni
391 1779 489 1803 faciunt
504 1780 655 1810 pauperibus
672 1780 830 1803 Parochianis
846 1780 897 1803 suis
915 1781 1016 1810 ibidem,
1029 1781 1060 1804 de
1073 1780 1143 1803 bonis
1155 1779 1217 1803 inibi

155 1812 300 1842 pereeptis.''

125 1844 198 1873 Item,
212 1852 269 1867 curn
289 1860 294 1866 .
313 1862 318 1868 .
339 1862 344 1868 .
365 1846 521 1875 compertum
539 1847 603 1868 esset
621 1853 670 1868 non
685 1845 767 1868 nullos
784 1853 836 1868 esse
851 1845 960 1869 notorios
977 1845 1090 1869 defectus
1102 1845 1128 1868 in
1142 1845 1217 1869 Orna-

157 1877 249 1900 mentis
276 1877 373 1907 capelle
398 1895 402 1900 .
428 1895 433 1901 .
461 1895 465 1900 .
490 1878 521 1900 ad
550 1885 657 1907 quorum
680 1878 863 1908 reparacionem
885 1878 1009 1901 Dominus
1032 1878 1159 1902 Johannes
1187 1878 1218 1900 de

157 1909 349 1938 Drokenesford,
362 1917 407 1940 pro
418 1912 473 1933 rata
489 1910 614 1933 Porcionis
631 1918 675 1933 sue
692 1913 718 1933 et
730 1910 859 1933 Prehende
877 1919 952 1941 quam
969 1919 1049 1941 nuper
1064 1910 1176 1934 obtinuit
1191 1910 1217 1933 in

157 1942 250 1971 eadem,
270 1942 409 1970 tenebatur,
429 1950 457 1965 ac
477 1942 553 1965 eciam
570 1942 597 1965 in
615 1943 745 1971 Domibus,
767 1943 870 1971 Clausis,
888 1946 914 1966 et
931 1943 985 1966 aliis
1001 1944 1033 1966 ad
1050 1943 1144 1966 dictam
1162 1943 1218 1966 Pre-

157 1974 265 1997 bendam
283 1975 461 2004 spectantibus„
475 1977 500 1997 et
518 1977 618 2005 propter
636 1975 681 1998 hoc
697 1975 794 1998 fructus
811 1976 889 2005 ipsius
908 1976 1036 1999 Prebende
1052 1976 1160 1999 fuissent
1175 1983 1219 2005 per

159 2007 345 2030 Commissarios
354 2007 509 2037 supradictos
517 2008 667 2037 sequestrati
676 2016 680 2035 ;
689 2008 728 2031 die
738 2008 808 2031 Lune
818 2008 937 2038 proximo,
946 2010 990 2031 etc.
1000 2008 1143 2038 supradicto
1152 2015 1218 2030 com-

158 2040 242 2069 paruit
253 2040 279 2062 in
288 2039 388 2070 Capella
404 2057 408 2063 .
429 2058 433 2063 .
453 2058 458 2062 .
477 2047 559 2063 coram
571 2040 644 2063 dietis
658 2041 837 2063 Commissariis
850 2041 917 2063 Elias
929 2041 960 2064 de
972 2041 995 2063 la
1009 2041 1087 2069 Houe,
1096 2040 1219 2063 firmarius

158 2072 224 2095 dicte
240 2072 376 2101 Prehende,
393 2072 497 2095 offerens
513 2080 538 2095 se
553 2075 686 2095 cauturuul
705 2081 749 2103 pro
765 2073 905 2096 defectibus
922 2073 1078 2103 supradictis,
1090 2072 1220 2095 inveniens

158 2104 221 2127 duos
250 2107 448 2134 manucaptores,
471 2105 588 2128 videlicet
610 2105 719 2128 Alanun]
742 2106 773 2128 (le
797 2106 939 2135 Watergate
962 2108 989 2128 et
1010 2105 1142 2128 Jullanum
1166 2104 1218 2134 (sic)

158 2137 308 2168 Frauncoys,
321 2137 366 2168 qui
377 2145 421 2168 pro
433 2137 572 2161 defectibus
584 2137 610 2161 in
623 2138 746 2161 Domibus
759 2140 807 2162 etc.
826 2156 832 2162 .
854 2156 859 2162 .
881 2138 965 2162 debite
977 2137 1118 2168 reparandis
1130 2139 1157 2161 et
1168 2145 1219 2161 cor·
