1328 2295
88 151 160 187 346
268 161 341 187 Tm:
365 161 551 188 REGISTER
576 161 622 187 OF
646 159 784 186 BISHOP
812 160 1044 186 STAPELDON.

174 238 285 266 proxima
299 238 355 267 post
365 237 463 260 Festum
474 237 555 260 Sancti
567 236 666 264 Mathie,
680 235 796 266 Apostoli,
809 237 879 258 Anno
890 236 996 264 Domini,
1010 235 1047 258 ΜΟ
1058 234 1129 258 000⁰
1139 233 1242 256 seeundo

179 268 217 297 [25
228 268 295 296 Feb„
309 267 409 296 moa-31,
423 273 464 296 per
479 267 607 295 Magistros
617 267 633 289 J
636 266 753 289 ohannem
765 267 794 288 ‹le
806 266 919 295 Upavene
936 267 960 288 et
972 265 1103 288 Robertum
1121 263 1151 286 de
1161 263 1243 286 Veteri

177 298 256 326 Terra,
270 296 415 320 Senescallos
426 296 541 319 Scaccarii
553 296 621 318 Beati
632 296 697 318 Petri
709 296 856 319 Exoniensis.

148 325 177 348 In
193 327 315 355 presencia
331 333 434 355 quorum
452 325 531 348 Adam
548 326 577 348 de
595 326 618 347 la
633 325 728 354 holle,
743 327 828 348 Petrus
843 325 962 353 Sanguyn,
984 324 1129 352 Reginaldus
1146 322 1241 350 Hauek‚

176 356 313 379 Willelmus
339 355 468 384 Hayward,
496 355 632 377 Willelmus
663 355 789 384 Hamelyn,
818 355 953 376 Willelmus
984 354 1095 381 Machun,
1124 353 1243 375 Robertus

177 385 290 414 Genever,
305 385 439 407 Willelmus
451 384 639 413 Hyndeburghe,
650 384 753 407 Thomas
765 384 889 412 Athelard,
901 384 1016 406 Ricardus
1028 383 1110 411 Faber,
1121 383 1135 405 J
1139 382 1243 405 ohannes

176 415 199 437 Ie
220 415 324 444 Hopere,
345 414 464 436 Hemicus
480 414 509 436 de
527 414 667 442 Hilleweye,
686 414 803 436 Ricardus
824 414 852 436 de
875 413 1013 442 Hilleweye,
1035 413 1159 435 Johannes
1174 412 1204 434 de
1219 411 1243 434 la

178 444 273 473 Knolle,
296 446 321 466 et
341 444 464 466 Johames
485 443 514 465 de
534 443 558 465 la
578 443 680 472 Burghe,
700 444 784 472 jurati,
803 443 886 466 dicunt
904 443 969 472 quod
987 443 1094 465 defectus
1114 441 1244 464 molendini

176 475 257 502 potest
277 473 399 502 repparari
425 479 468 501 per
495 474 590 495 centum
612 473 716 501 solidos;
734 475 758 496 et
779 473 815 495 illi
835 473 943 495 defectus
964 473 1115 501 contigerunt
1134 473 1242 500 tempore

176 503 286 532 Magistri
297 503 368 525 Petri.
402 502 516 524 Defectus
533 502 628 531 grangia
647 502 776 531 decimalis,
786 503 858 531 juxta
876 502 967 524 dietum
978 502 1150 529 molendinum,
1162 502 1244 530 potest

175 533 296 562 repparari
312 539 355 561 per
372 539 434 560 xxs.;
447 533 471 554 et
487 531 532 554 hoc
550 533 578 554 ut
594 532 668 560 prius.
703 532 734 555 Et
745 533 809 555 dicta
825 532 922 561 grangia
937 533 1017 560 potest
1033 531 1090 560 erigi
1101 530 1244 553 sufficienter

175 569 219 591 per
239 563 344 591 quinque
365 568 462 583 marcas.
507 562 575 589 Item,
601 561 736 584 columhare
763 569 804 591 per
830 569 874 589 xa,
898 563 1005 590 tempore
1031 561 1096 583 Petri
1122 559 1239 582 Firmarii.

176 592 285 614 Bercaria
303 591 332 613 de
349 590 487 613 Saltcumbe
506 598 549 619 per
566 598 601 613 xs.
634 591 733 614 Vivaria
748 594 772 614 et
789 592 877 613 fosseta
893 592 995 620 possunt
1010 590 1121 613 mundari
1132 590 1207 612 eciam
1217 590 1242 611 et

174 621 296 650 repparari
313 627 356 649 per
373 627 408 643 xs.
442 620 554 642 Defectus
566 620 636 648 Aule,
649 627 747 649 camere,
760 621 903 648 warderobe,
917 622 940 643 et
959 621 1045 648 celarii,
1060 627 1114 642 cum
1130 619 1242 642 omnibus

174 651 236 674 infra
246 650 372 678 contentis,
382 651 484 678 possunt
492 650 612 678 repparari
622 657 665 679 per
675 651 719 673 lxs.
753 651 866 673 Defectus
874 650 975 679 coquine
982 657 1023 679 per
1029 657 1079 673 ω.
1114 648 1242 672 Stabulum

174 681 241 710 quod
250 680 368 703 Dominus
379 679 510 701 Firmarius
526 679 615 701 ibidem
632 680 723 702 invenit
739 681 779 702 vix
790 680 867 702 valuit
883 680 925 702 xls.
937 687 942 705 ;
960 680 1025 708 quod
1035 679 1125 702 corruit
1134 680 1242 707 tempore

175 717 227 739 suo,
249 711 274 732 et
290 710 370 738 potest
386 709 444 737 erigi
462 710 598 737 competens
615 709 645 731 ad
657 710 791 732 Manerium
807 717 849 738 per
865 710 904 732 Cs.
935 709 1068 732 Gardinum
1084 709 1243 731 deterioratur

174 747 217 769 per
227 741 333 767 ventum,
346 740 453 767 tempore
465 739 529 760 Petri
541 738 657 766 Firmarii,
672 746 715 768 per
726 746 777 762 xxs.
811 740 881 768 Item,
893 739 977 761 dicunt
994 739 1059 768 quod
1076 738 1142 767 apud
1152 738 1242 760 Dones-

175 769 260 792 cumbe
270 775 356 797 magna
366 768 463 796 grangia
473 768 497 789 in
506 768 572 790 nullo
581 768 739 791 deterioratur
746 771 853 797 tempore
862 769 921 791 dicti
930 769 1039 790 Firmarii
1050 776 1055 794 ς
1077 769 1241 790 verumtamen

175 798 292 822 defectiva
308 799 344 820 est
361 797 391 819 ad
406 798 582 819 estimat-ionem
593 804 607 818 v
619 805 758 821 marcarum.
792 799 861 826 Item,
874 799 958 820 dicunt
968 798 1033 827 quod
1044 798 1140 827 grangia
1151 797 1241 819 decime

175 829 339 855 deterioratur,
353 830 459 855 tempore
470 833 521 855 suo,
535 827 565 849 ad
578 828 754 850 estimacionem
773 828 827 856 xis„
841 830 865 850 et
875 830 955 856 potest
966 828 1087 856 repparari
1098 827 1241 849 sufficienter

174 865 217 887 per
227 857 271 880 xli.
285 864 291 885 ;
307 857 364 885 quia
381 857 476 885 oportet
491 857 520 878 de
531 863 592 878 novo
604 858 731 885 reppamri.
765 858 879 879 Hostium
890 858 985 879 boverie
996 858 1075 886 potest
1086 856 1190 885 reparari
1200 863 1242 885 per

174 888 233 917 xijd.
265 887 357 909 Domus
375 886 406 908 ad
423 885 532 914 plaustra
550 886 708 909 deterioratur
728 889 835 916 tempore
853 887 956 916 predicti
974 887 1083 909 Firmarii
1101 893 1144 915 per
1160 893 1203 915 vs.,
1217 888 1241 909 et

173 918 254 946 potest
270 916 321 938 fieri
342 915 485 938 sufficienter
502 922 544 944 per
560 916 603 938 xls.
647 916 745 945 Dicunt,
764 916 846 945 eciam,
866 916 931 945 quod
949 916 1025 938 erexit
1043 916 1132 938 ibidem
1150 923 1240 938 novum

174 946 297 969 stabulum
311 945 383 974 juxta
401 946 503 974 portam,
517 946 540 967 et
549 945 635 967 bonam
647 948 755 975 portam;
773 946 869 974 Aulam,
882 953 936 968 cum
948 952 1047 974 camera,
1061 947 1084 968 et
1095 945 1237 975 granarium,

173 983 227 999 cum
235 975 373 998 warderoba
384 981 389 1002 ;
407 974 527 996 boveriam
539 981 593 997 cum
604 975 708 1004 stabulo,
721 977 745 998 et
756 976 893 998 bercariam.
927 976 996 1004 Item,
1008 975 1092 997 dicunt
1098 975 1164 1004 quod
1174 975 1239 1004 apud

174 1005 339 1029 Chevelistone
363 1004 411 1026 fuit
437 1004 541 1033 quedam
558 1004 651 1033 domus,
672 1012 718 1034 que
735 1006 824 1027 corruit
840 1007 947 1034 tempore
965 1005 1067 1034 predicti
1083 1005 1200 1033 Firmarii,
1216 1006 1240 1027 et

172 1036 253 1065 potest
262 1034 367 1063 reparari
377 1040 437 1062 eque
449 1034 510 1056 bona
521 1040 563 1062 per
573 1034 616 1056 xlx.
650 1034 719 1062 Item,
730 1036 766 1057 est
777 1035 811 1056 ibi
823 1035 869 1057 alia
880 1035 973 1063 domus,
983 1041 1030 1064 que
1041 1034 1200 1057 deterioratur
1210 1034 1240 1057 ad

173 1072 235 1093 xxs.,
248 1066 272 1087 et
283 1065 363 1093 potest
379 1063 430 1085 fieri
446 1063 591 1086 sufficienter
606 1071 649 1092 per
665 1064 709 1087 xls,
744 1065 833 1087 Hostia
849 1064 944 1086 boverie
960 1065 1062 1093 possunt
1078 1065 1182 1093 reparari
1198 1071 1241 1093 per

172 1094 364 1147 ἓᾞεὲαῑεὲἶέἒὶἷῗ
378 1093 539 1144 ffiffiiffiffl'
548 1095 599 1151 122²?
599 1094 923 1146 ἳὲἷὲτέξέὤῗὲειῖὴὲῗὲἑξι
928 1094 1026 1146 ἓξὲξ
1031 1095 1074 1145 ἠἳῖ
1080 1094 1238 1146 ὲίιέἵῑῗηὲᾈῗέ

171 1154 219 1176 fuit
243 1160 291 1175 una
308 1152 402 1179 domus,
421 1159 467 1181 que
483 1152 572 1174 corruit
589 1154 696 1181 tempore
714 1131 947 1182 predicti'Firmariil,
968 1154 993 1175 et
1010 1130 1055 1175 hlbc
1072 1153 1101 1175 de
1121 1149 1238 1175 consensu

172 1183 262 1206 Decani
272 1184 297 1205 et
305 1182 420 1210 Capituli,
438 1182 478 1210 qui
490 1188 539 1204 non
550 1184 663 1204 curarunt
673 1182 702 1204 de
713 1190 741 1205 ea
747 1183 804 1212 quia
814 1189 862 1205 non
872 1183 919 1205 fuit
930 1183 1068 1210 necessaria,
1078 1189 1122 1212 pro
1133 1190 1160 1205 eo
1171 1183 1236 1212 quod

171 1213 257 1236 domus
273 1212 303 1234 de
319 1211 484 1234 Chevelistone
501 1211 623 1234 sufficiunt
640 1212 718 1241 modo,
731 1219 790 1241 quas
811 1213 869 1235 tunc
889 1213 1004 1241 temporis
1024 1219 1072 1234 non
1092 1212 1235 1235 habuerunt.

171 1242 271 1271 Poterit,
284 1243 371 1269 tamen,
385 1241 443 1269 erigi
454 1241 583 1263 consimilis
594 1248 636 1270 per
647 1241 691 1265 xls.
715 1242 813 1270 Dicunt,
826 1243 908 1270 eciam,
920 1242 985 1271 quod
996 1242 1061 1271 apud
1072 1241 1238 1265 Chevelistone

171 1272 247 1295 erexit
257 1271 410 1294 medietatem
420 1271 492 1292 unius
503 1270 605 1299 boverie,
618 1271 669 1293 loco
680 1272 767 1294 veteris
778 1278 824 1300 que
835 1272 931 1294 corruit.
964 1272 1035 1300 Item,
1044 1273 1081 1294 est
1090 1271 1126 1293 ibi
1136 1271 1237 1301 quedam

172 1301 269 1331 Capella
286 1301 408 1330 pertinens
425 1300 458 1333 ad
468 1300 597 1322 Ecclesiam
615 1301 643 1322 de
656 1300 775 1329 Sydebyri
792 1301 942 1330 discooperta
951 1308 958 1329 ;
975 1303 1011 1323 set
1022 1301 1052 1323 ad
1064 1307 1132 1330 quem
1147 1303 1239 1331 spectat

172 1331 310 1361 repparacio
326 1329 434 1358 ejusdem
452 1331 581 1358 1gnoratur.
620 1330 713 1358 Postea,
733 1331 761 1353 de
778 1337 894 1353 consensu
905 1331 993 1353 Decani
1010 1332 1034 1353 et
1045 1330 1160 1359 Capituli,
1176 1331 1239 1353 inter

172 1360 316 1384 Firmarium
327 1359 356 1381 de
367 1359 504 1382 Saltcumbe
516 1361 539 1381 et
550 1360 693 1382 Executores
705 1360 814 1389 Magistri
825 1361 890 1383 Petri
906 1360 935 1382 de
952 1360 1036 1382 Insula
1052 1361 1162 1383 convenit
1173 1361 1238 1390 quod

172 1391 251 1413 dictus
262 1389 392 1412 Firmarius
412 1389 499 1411 habeat
518 1396 532 1411 a
546 1389 616 1411 dictis
628 1389 802 1412 Executoribus
820 1390 848 1412 de
866 1390 936 1412 bonis
952 1390 1059 1412 defimcti
1070 1390 1237 1413 tantummodo

170 1420 258 1449 viginti
275 1426 348 1441 unam
366 1418 438 1440 libras
456 1418 624 1447 sterlingorum
640 1426 684 1448 pro
700 1419 867 1448 repparacione
879 1420 1016 1442 defectuum
1027 1419 1124 1448 ibidem,
1138 1421 1162 1442 et
1172 1420 1237 1449 quod

172 1448 388 1501 illamtpeccuniam
395 1448 562 1470 tantummodo
569 1448 594 1470 in
604 1449 771 1478 repparacione
786 1449 924 1472 defectuum
934 1449 1097 1478 predictorum
1103 1451 1238 1472 convertero

170 1481 240 1502 tenea
252 1486 288 1501 ur.

142 1509 241 1533 Summa
252 1508 390 1531 defectuum
401 1507 443 1536 qui
454 1507 605 1536 contigerunt
616 1514 660 1530 suo
667 1509 774 1537 tempore
784 1508 810 1531 in
820 1508 920 1538 singulis
930 1508 1239 1538 locis1preter8uetecumbe

171 1537 403 1572 ‘nstin—Sumiss?
423 1537 561 1571 defectuum
582 1537 612 1559 ad
632 1537 776 1560 sufficienter
795 1538 971 1567 repparandum
991 1539 1017 1560 in
1034 1538 1134 1567 singulis
1150 1539 1238 1562 locis-—

141 1568 342 1630 IIIKJ—XlIlg'Z'taego
353 1566 646 1630 Ἔέοῆεξιὲὸεῑῐῗῖἳέῗαῖῗπῗῖᾓ,
664 1597 728 1619 sacta
745 1604 787 1626 per
804 1597 932 1626 Magistros
950 1597 978 1620 R.
992 1597 1111 1625 Germeyn
1127 1599 1151 1621 et
1169 1598 1194 1621 J.
1206 1598 1236 1621 de

171 1628 293 1657 Upavene,
306 1626 345 1649 dle
356 1626 454 1648 Venens
470 1632 581 1655 promma
597 1627 653 1649 ante
668 1626 766 1649 Festum
782 1627 868 1650 Sancte
884 1627 1009 1650 Trinitatis
1028 1627 1068 1657 [19
1079 1627 1154 1657 May]‚
1166 1629 1236 1651 Anno

170 1657 267 1680 Domini
279 1656 316 1679 Mo
328 1656 420 1679 CCCm⁰
431 1655 574 1684 septimo,—

141 1687 207 1711 Pixis
214 1687 246 1709 ad
252 1685 415 1709 Eukaristiam
422 1685 450 1707 de
458 1692 539 1714 cupr0,
550 1686 574 1708 et
580 1685 630 1708 sine
637 1692 726 1709 serura.
744 1686 855 1709 Celatura
861 1686 971 1709 deficiens
977 1693 1049 1716 super
1057 1687 1136 1716 Majus
1143 1687 1232 1710 Altare.

170 1716 352 1740 Crismatorium
364 1715 426 1737 male
436 1715 566 1744 depictum,
579 1715 629 1737 sine
640 1722 728 1738 serura.
762 1716 816 1738 Duo
828 1716 917 1739 Calices
928 1723 1032 1745 quorum
1046 1717 1118 1746 pedes
1134 1717 1234 1740 loccant.

167 1747 177 1776 j
196 1753 240 1776 par
256 1745 462 1768 Vestimentorum
478 1744 547 1767 valde
561 1745 654 1773 debile;
673 1746 697 1767 et
709 1745 797 1768 defficit
814 1745 867 1775 (sic)
882 1752 958 1768 imum
973 1753 1017 1775 par
1032 1747 1236 1770 Vestimentorum

169 1776 199 1799 de
208 1775 319 1805 proxima
324 1774 478 1797 Visitacione.
512 1774 595 1797 Unum
606 1775 801 1803 superpellicium
811 1777 907 1798 tantum
918 1782 972 1798 cum
983 1776 1080 1799 rocheto
1090 1777 1196 1805 integrm
1209 1777 1234 1799 et

168 1806 250 1829 deficit
260 1811 335 1827 unum
345 1803 539 1833 superpellicium
551 1804 580 1826 de
595 1805 705 1833 proxima
718 1805 869 1828 Visitacione.
903 1805 1000 1828 Missale
1015 1806 1113 1833 bonum,
1126 1807 1163 1828 set
1173 1806 1234 1829 male

169 1836 271 1864 ligatum
287 1835 313 1856 in
329 1834 455 1863 principio.
495 1834 549 1856 Duo
567 1834 662 1856 Vexilla
681 1834 748 1857 bona.
783 1834 884 1857 Gradale
899 1834 997 1858 bonum.
1030 1835 1154 1858 Cancellus
1172 1836 1234 1858 male

169 1865 303 1894 coopertus.
336 1863 448 1886 Manuale
468 1863 565 1892 penitus
585 1863 735 1886 insufficiens.
777 1864 889 1887 Ordinale
909 1864 1012 1887 nullum.
1058 1865 1110 1887 Una
1130 1865 1233 1888 fenestra

168 1895 245 1917 vitrea
260 1894 335 1916 fracta
350 1893 376 1915 in
387 1893 504 1916 Canceno.
539 1893 621 1915 Unum
640 1893 783 1915 Psalteriiun
798 1895 901 1922 tantum,
922 1894 982 1916 male
997 1895 1105 1917 licatum.
1138 1895 1233 1924 Baptis-

168 1924 256 1947 terium
271 1923 332 1945 male
348 1923 433 1956 lotum.
467 1922 522 1945 Una
534 1922 630 1951 Capella
641 1923 714 1945 Beate
725 1923 800 1945 Marie
812 1923 951 1952 Magdalene
960 1912 1117 1953 discgoperta,
1130 1924 1155 1947 in
1166 1925 1233 1953 parte

169 1953 315 1977 Occidentali
326 1952 436 1980 Eccleffle,
450 1959 492 1981 per
504 1953 690 1981 prostraeionem
706 1953 778 1975 unius
795 1953 877 1975 fraxis.
909 1953 998 1976 Velum
1009 1954 1032 1976 N
1034 1954 1127 1983 upciale
1144 1954 1231 1977 deficit.

168 1983 289 2006 Frontella
299 1982 420 2004 deficiunt.
453 1982 604 2010 Mauutergia
613 1982 734 2005 deficiunt.
768 1982 857 2005 Nullus
868 1984 904 2005 est
915 1983 1000 2012 ciphus
1011 1984 1166 2006 infirmorum.

138 2015 216 2037 Adam
242 2011 389 2040 Attaknolle‚
408 2011 493 2034 Petrus
514 2011 617 2040 Saugun,
641 2011 744 2034 Thomas
772 2012 867 2040 Michel,
892 2013 1027 2035 Willelmus
1053 2013 1076 2035 le
1102 2013 1230 2042 Hayward,

168 2042 304 2065 Willelmus
331 2041 458 2069 Hamelym
482 2041 601 2063 Robertus
625 2041 738 2070 Genever,
762 2042 897 2064 Willelmus
919 2042 1107 2072 Hyndeburghe,
1130 2043 1232 2065 Thomas

167 2071 276 2100 Hailard,
289 2070 412 2094 Galfridus
433 2070 524 2099 Gybbe,
538 2070 654 2093 Ricardus
671 2071 754 2099 Faber,
768 2071 886 2094 Henricus
903 2072 1057 2101 Hyldeweye,
1070 2072 1185 2095 Ricardus
1204 2072 1233 2095 de

167 2102 333 2155 JEkati'eEvjeye,t
341 2100 463 2123 Johannes
480 2100 509 2123 de
526 2100 549 2123 la
566 2100 661 2129 Knolle,
683 2102 707 2124 et
724 2101 846 2124 Johannes
867 2101 896 2124 de
914 2101 938 2124 la
955 2102 1059 2131 Burghe,
1082 2102 1231 2131 Parochiam‘,

162 2139 218 2162 Jura
230 2138 239 2154 1
275 2137 322 2154 cun
334 2143 372 2160 ,-
