1328 2295
89 159 134 194 66
272 170 350 195 THE
375 169 559 196 REGISTER
584 169 634 196 oF
659 170 795 197 BISHOP
822 171 1060 196 STAPELDON.

192 247 311 272 Edwardi
322 246 431 272 valebat¹
451 255 492 272 ccc
507 248 589 278 libras,
608 249 635 272 et
651 250 709 279 post
728 248 737 272 l
755 248 837 272 libras.
874 248 949 272 Modo
970 248 1012 280 xvj
1028 248 1104 273 libras
1117 248 1144 272 x⁴²
1165 249 1262 273 solidos

192 281 261 311 quod
273 281 412 312 Episcopus
423 282 501 310 tenet,
514 283 541 304 et
557 283 642 304 tamen
659 281 737 304 habet
754 281 785 304 (18
803 280 875 305 firma
887 290 921 305 xx
933 282 1025 305 solidos
1037 282 1099 313 plus.
1142 281 1264 311 Quando³

192 313 318 344 Malgerus
329 314 414 337 tenuit
425 313 451 344 vj
464 313 540 337 libras
554 312 663 337 valebat1
675 316 701 337 et
712 316 798 337 tamen
815 314 892 337 habet
903 314 912 337 l
926 314 1016 338 solidos
1033 314 1096 345 plus.
1133 315 1207 344 Quod
1220 314 1263 338 alii

193 348 283 370 tenent
299 346 361 377 11139Υ
377 346 453 369 libras
471 348 497 369 et
513 353 547 369 xv
564 346 656 369 solidos
673 346 745 370 valet.
782 347 911 370 Decimam
929 347 1038 371 Ecclesie
1056 347 1144 371 Clerici
1163 350 1261 376 tenent,

196 381 222 402 et
241 377 318 402 valetl
331 379 358 402 xl
376 379 474 402 solidos.
509 378 632 409 Tempore
649 379 723 409 Regis
741 379 860 402 Edwardi
877 379 1020 410 pertinebat
1040 380 1100 403 huic
1120 380 1234 403 Manerio
1250 380 1260 411 j

194 411 253 435 hida
262 411 288 435 in
301 410 431 435 Shenore.‘¹
464 411 539 434 Modo
551 413 623 435 tenet
635 411 758 441 Warinus,
771 411 847 435 homo
860 412 971 442 Rogorii⁵
983 413 1096 436 Comitis.

164 468 278 493 Susseaeia
290 477 295 492 τ
320 468 499 493 17183αῑινατ·ἰ1ι3
521 471 542 491 et
563 468 670 492 Barones
693 468 722 492 de
744 468 870 493 Scaeam-io
894 469 1011 493 miserunt
1039 470 1164 494 recordum
1194 470 1264 494 Libri

199 501 341 531 Feoclorum,
362 501 405 525 sub
423 500 471 525 hiis
489 500 615 524 verbis:—

167 534 198 558 In
211 534 285 558 Libro
298 534 439 558 Feodorum
451 534 482 557 de
495 533 628 563 Seaccario,
640 533 667 557 in
679 534 769 564 quinto
781 534 841 557 folio
853 542 866 557 a
878 534 1000 565 principio
1014 535 1157 559 Comitatus
1169 535 1260 559 Surrie.

199 567 282 590 —Isti
299 569 388 590 tenent
403 567 435 590 de
450 566 572 597 Episcopo
593 567 729 590 Exoniensi
746 567 777 590 de
796 567 932 597 Capellaria
948 568 979 591 de
992 568 1125 591 Boseham:
1144 568 1264 591 Ricardus

200 600 231 623 de
249 599 388 623 Grenstede
405 601 477 622 tenet
493 599 544 622 duo
561 599 634 622 feoda
653 599 741 623 Militis
763 600 790 623 in
813 600 943 630 Thorneye
967 600 997 623 de
1021 601 1109 624 eodem
1130 601 1260 631 Episcopo.

200 632 337 656 Nicholaus
356 632 387 655 (18
410 632 506 662 Wancy
528 632 579 655 duo
601 632 674 655 feoda
697 632 723 655 in
747 632 942 656 Wollamintone
959 633 990 656 de
1012 633 1098 656 eodem
1123 632 1265 664 Episcopo.G

201 665 334 696 Philippus
356 665 388 688 de
412 664 485 688 croft
512 664 529 695 ij
554 664 627 688 feoda
650 664 738 688 Militis
760 665 786 688 in
810 665 945 688 Elnestede
968 666 999 689 de
1023 666 1110 689 eodem
1134 666 1262 696 Episcopo.

201 698 352 729 Radulphus
371 697 396 721 la
416 697 528 728 Falleyse
547 699 619 721 tenet
638 705 719 720 unum
739 697 842 721 feodum
863 698 951 721 Militis
974 699 1000 721 in
1024 699 1101 722 Stoke
1122 699 1153 722 de
1176 699 1263 722 eodem

202 730 333 761 Episcopo.
369 730 492 754 Ricardus
503 730 534 753 de
546 730 666 754 Prestone
678 732 749 754 tenet
761 731 896 754 dimidium
913 731 980 754 feodi
997 731 1092 760 Militis,
1105 731 1130 754 in
1144 732 1263 755 Prestone

202 763 233 787 de
249 763 337 787 eodem
349 763 478 793 Episcopo.

169 795 243 825 Item,
258 796 285 819 in
300 803 366 819 nono
384 795 443 819 folio
459 795 485 819 in
503 795 590 819 eodem
608 795 683 819 Libro
699 796 733 819 sic
749 796 902 819 continetur:
921 796 967 819 Isti
985 799 1075 820 tenent
1090 797 1120 820 de
1143 797 1265 828 Episcopo

202 829 234 852 de
252 828 389 859 Capellaria
406 828 437 851 (18
455 828 744 852 Bosehamt—Ricardus
761 829 792 852 de
811 829 949 852 Grenstede
965 831 1036 852 tenet
1052 829 1070 859 ij
1088 829 1161 852 feoda
1177 830 1264 853 Militis

201 861 228 885 in
245 862 376 892 Thorneye
389 861 420 884 de
438 861 525 884 eodem
541 861 671 891 Episcopo.
708 861 845 884 Nicholaus
861 862 956 892 XVancy
973 864 1043 885 tenet
1061 861 1077 892 ij
1092 862 1165 885 feoda
1178 862 1266 886 Militis

201 894 228 917 in
249 894 444 917 Wollamintone
467 894 498 917 de
521 894 608 917 eodem
630 894 759 924 Episcopo.
796 894 911 924 Pbilipus
928 895 959 917 de
978 895 1050 918 Croft
1068 897 1139 918 tenet
1155 895 1173 925 ij
1191 895 1265 918 feoda

201 927 291 950 Militis
308 927 334 950 in
352 926 486 950 Elnestede
504 927 535 950 de
552 926 639 949 eodem
659 927 785 957 Episcopo
822 927 971 957 Radulphus
989 927 1019 950 de
1037 927 1060 950 la
1076 927 1177 958 Faleyse
1194 929 1264 951 tenet

199 959 210 990 j
224 960 327 983 feodum
340 959 427 982 Militis
439 959 465 982 in
478 959 555 982 Stoke
568 959 599 982 de
612 959 698 982 eodem
716 959 843 990 Episcopo.
880 960 1000 983 Ricardus
1018 960 1049 983 de
1062 960 1181 983 Prestone
1194 962 1265 984 tenet

202 992 337 1015 dimidium
352 992 420 1015 feodi
432 991 520 1015 Militis
532 992 558 1015 in
571 992 690 1015 Prestone
703 992 733 1015 de
746 992 833 1015 eodem
846 992 974 1023 Episcopo.

170 1025 244 1054 Item!
255 1025 280 1048 in
293 1025 351 1048 folio
363 1027 409 1047 xv0
420 1024 446 1047 111
459 1024 546 1047 eodem
559 1023 636 1047 Libro
647 1025 682 1048 sic
694 1025 851 1048 continetur:
874 1025 1010 1056 Episcopus
1027 1025 1176 1049 Exoniensis
1193 1027 1265 1049 tenet

201 1058 232 1081 de
244 1057 353 1081 Domino
366 1058 432 1087 Rege
444 1057 476 1080 de
491 1057 628 1087 Capellaria
642 1057 673 1080 de
689 1057 812 1080 Boseham
830 1057 873 1088 viij
893 1058 966 1081 feoda
982 1058 1069 1081 Militis
1086 1060 1111 1081 et
1123 1058 1263 1082 dimidium.

201 1090 276 1114 Unde
295 1090 417 1113 Ricardus
431 1090 461 1113 de
480 1089 610 1120 Thomeye
626 1092 697 1113 tenet
713 1090 764 1113 duo
781 1090 854 1113 feoda
871 1090 966 1119 Militis,
980 1098 1009 1113 ex
1024 1091 1128 1121 antiquo
1144 1094 1263 1121 tempore.

200 1123 327 1147 Robertus
339 1123 370 1146 de
380 1122 515 1146 Elnestede
526 1122 543 1153 ij
558 1123 630 1146 feoda
640 1123 733 1146 Militis.
768 1123 904 1146 Nicholaus
916 1124 947 1146 de
958 1124 1043 1146 Wanci
1055 1123 1071 1154 ij
1086 1124 1157 1147 feoda
1170 1124 1263 1147 Militis.

200 1156 321 1179 Ricardus
334 1156 365 1178 de
376 1155 505 1186 Barentyn
516 1155 525 1186 j
538 1155 642 1179 feodum
655 1155 749 1179 Militis.
785 1155 906 1179 Ricardus
921 1156 951 1179 de
970 1156 1118 1180 Prestetune
1130 1156 1265 1180 dimidium

200 1188 267 1212 feodi
279 1188 375 1212 Militis.

237 1238 386 1262 Veredictum
396 1237 424 1261 cle
436 1237 552 1261 Boseham
559 1245 597 1260 :—

167 1271 292 1295 Dominus
308 1271 361 1294 Rex
377 1271 525 1300 Willelmus,
543 1270 588 1300 qui
604 1270 673 1293 venit
689 1270 720 1293 ad
737 1270 911 1300 Conquestum
928 1270 1025 1300 Anglie,
1036 1271 1107 1294 dedit
1125 1271 1265 1295 Manerium

200 1304 232 1327 de
249 1303 371 1327 Boseham
390 1303 515 1326 Willelmo
532 1303 583 1326 filio
596 1303 689 1333 Augeri
705 1305 731 1326 et
747 1303 880 1326 heredibus
894 1303 945 1326 suis
961 1303 993 1326 ad
1009 1303 1076 1326 feodi
1093 1303 1198 1333 firmam,
1211 1304 1264 1327 red-

200 1336 282 1360 dendo
295 1336 353 1359 inde
365 1336 496 1359 annuatim
510 1336 541 1359 ad
558 1336 712 1359 Scaccarium
725 1335 770 1366 xlij
788 1335 863 1359 libras
880 1336 976 1366 argenti
995 1344 1061 1359 ursas
1076 1338 1101 1359 et
1117 1337 1267 1366 ponderatas

199 1377 244 1400 pro
260 1369 329 1392 omni
345 1369 447 1392 servicio
461 1376 466 1397 ;
484 1371 510 1392 et
526 1368 561 1391 sic
577 1368 668 1397 tenuit,
681 1370 735 1391 tota
751 1368 803 1391 vita
819 1376 870 1397 sua,
885 1369 1024 1391 Manerium
1042 1369 1111 1397 illud,
1125 1371 1151 1392 et
1162 1369 1266 1393 heredes

199 1401 245 1425 sui.
281 1402 322 1431 Et,
339 1404 432 1432 postea,
445 1401 586 1424 XVillelmus
599 1401 757 1424 Marescallus
774 1403 815 1424 ten
821 1401 859 1424 uit
871 1401 1011 1424 Mauerium
1031 1401 1094 1424 illud
1107 1402 1263 1431 hereditarie,

199 1434 328 1458 reddendo
339 1434 398 1457 inde
411 1434 550 1464 predictam
562 1433 669 1462 firmam,
683 1433 776 1456 scilicet
793 1434 837 1464 xlij
852 1433 934 1460 libras,
951 1434 982 1457 ad
995 1434 1149 1457 Scaccarium
1163 1434 1266 1458 Domini

201 1467 282 1497 Regis,
292 1475 358 1490 arsas
367 1469 393 1490 et
401 1467 557 1497 ponderatas.
593 1466 652 1495 Rex,
666 1469 760 1495 autem,
771 1466 895 1489 Henricus
903 1466 1003 1489 Primus
1012 1467 1137 1490 arentavit
1150 1467 1181 1490 ad
1194 1467 1265 1490 Scae-

201 1500 294 1523 carium
308 1507 382 1523 suum
392 1507 444 1522 xxx
456 1499 547 1522 solidos
559 1499 590 1522 de
603 1499 714 1529 predicta
726 1498 799 1522 firma
811 1507 854 1529 pro
864 1499 987 1522 escambio
997 1500 1065 1529 quod
1074 1500 1133 1522 fecit
1142 1500 1266 1523 Willelmo

200 1532 252 1556 filio
269 1532 395 1562 Ernulphi
410 1532 442 1555 de
457 1534 523 1555 terra
537 1532 568 1554 de
582 1531 765 1562 Bradebrugge,
782 1539 825 1562 pro
842 1534 907 1555 terra
921 1532 947 1555 in
964 1540 1014 1562 qua
1031 1532 1079 1555 sita
1091 1534 1129 1555 est
1141 1532 1268 1556 Abbathia

201 1565 292 1589 Sancte
304 1565 381 1588 Marie
394 1565 424 1588 de
437 1565 520 1593 Prato,
532 1564 599 1594 apud
612 1564 787 1595 Rotomagum,
801 1566 826 1587 et
838 1573 853 1587 v
865 1564 962 1594 solidOS,
973 1572 1036 1595 quos
1053 1565 1120 1588 idem
1133 1565 1186 1588 Rex
1198 1565 1269 1589 dedit

202 1598 303 1621 cuidam
315 1597 440 1621 Willelmo
455 1597 482 1620 in
494 1597 660 1620 elemosinam.

169 1631 362 1659 Mandaverunt,
375 1630 460 1659 eciam,
472 1630 653 1660 transcriptum
669 1629 801 1660 cujusdam
819 1629 914 1658 Plaeiti,
927 1637 1008 1660 nuper
1023 1638 1105 1653 coram
1118 1630 1267 1654 Justieiariis

201 1663 304 1687 Domini
316 1663 389 1693 Regis
401 1663 432 1686 de
445 1663 527 1686 Banco
539 1662 626 1691 habiti,
639 1662 670 1685 ad
683 1662 803 1692 majorem
816 1662 976 1691 effidenciam,
990 1662 1015 1685 in
1028 1662 1073 1685 hec
1085 1662 1215 1686 verba&—

168 1696 264 1720 Placita
275 1696 342 1726 apud
355 1693 617 1718 Westmonasteriumfl
633 1703 715 1718 coram
731 1695 747 1718 J
749 1695 846 1718 ohanne
859 1695 889 1718 de
899 1695 1063 1726 Metyngham
1081 1698 1107 1719 et
1119 1696 1195 1719 Sociis
1208 1695 1266 1725 suis,

200 1728 350 1752 Justiciariis
359 1728 462 1751 Domini
471 1727 556 1758 Regis⁹
565 1728 596 1751 de
609 1728 698 1755 Baneo,
709 1726 760 1751 de¹⁰
770 1728 886 1751 Termino
897 1728 981 1751 Sancti
991 1728 1012 1750 H
1016 1728 1095 1757 illarii,
1104 1728 1177 1751 Anno
1188 1728 1267 1758 Regni

200 1761 275 1792 Regis
296 1761 420 1790 Edwardi,
442 1760 487 1784 filii
505 1760 578 1791 Regis
599 1760 708 1790 Henrici,
729 1760 826 1784 decimo
844 1763 930 1783 octavo
953 1759 1266 1791 [1289—90].—Sussexia:

105 1867 112 1883 ¹
133 1868 146 1879 ‘¹
156 1867 273 1896 valebit,''
291 1867 344 1891 MS.
740 1866 861 1889 rendered
883 1866 896 1877 ‘¹
910 1865 1144 1890 Gloucestershire.''
1180 1867 1193 1890 I
1217 1874 1266 1890 was

103 1900 113 1915 2
130 1904 152 1924 et
163 1908 186 1924 x.
741 1899 839 1926 unable,
852 1901 878 1922 at
886 1899 930 1922 the
938 1899 1007 1928 time,
1016 1901 1042 1921 to
1055 1899 1162 1929 identify
1175 1901 1190 1911 ‘⁴
1200 1899 1266 1922 Wol-

101 1932 111 1948 3
129 1933 203 1963 Quod
221 1950 227 1957 .
248 1950 252 1955 .
271 1950 275 1956 .
295 1932 388 1962 ten[et]
406 1950 410 1955 .
430 1949 435 1955 .
457 1949 461 1955 .
480 1930 574 1962 val[et].
740 1931 901 1961 aumptone,'’
923 1931 1004 1954 which
1021 1934 1095 1954 turns
1124 1934 1170 1955 out
1192 1934 1218 1955 to
1236 1932 1267 1955 be

104 1966 114 1981 ‘¹
132 1967 241 1990 Icenore.
740 1964 925 1994 Wollavington
940 1964 964 1987 111
978 1964 1076 1987 Sussex.

105 1999 115 2014 ⁵
133 1998 239 2029 Rogerii.
712 1995 721 2010 ⁷
739 1996 818 2020 There
830 1996 850 2019 is
862 2005 875 2019 a
888 1997 979 2019 second
992 1997 1061 2027 Copy
1074 1997 1099 2019 of
1115 1997 1165 2020 this
1183 1997 1264 2021 Docu-

105 2030 115 2045 Β
131 2032 173 2055 See
184 2031 237 2054 Vol.
252 2030 272 2054 I.
292 2030 360 2060 (Reg.
378 2028 575 2057 Bromscombe),
584 2036 607 2059 p.
622 2028 661 2053 97.
745 2031 816 2052 ment
828 2037 858 2052 on
872 2029 915 2052 fol.
930 2027 999 2058 1381),
1009 2029 1071 2052 with
1083 2037 1097 2052 a
1109 2029 1157 2052 few
1167 2030 1266 2053 various

138 2065 150 2088 I
163 2063 221 2087 take
237 2063 288 2086 this
306 2063 470 2093 opportunity
483 2062 508 2085 of
524 2062 661 2091 correcting
743 2062 857 2091 readings
869 2061 951 2085 which
969 2062 1019 2085 will
1037 2062 1068 2085 be
1082 2062 1162 2085 found
1175 2062 1262 2087 below.

137 2105 152 2120 a
170 2096 224 2127 slip,
241 2096 329 2126 kindly
347 2095 450 2126 pointed
467 2096 513 2118 out
526 2096 553 2117 to
571 2102 611 2117 me
627 2094 660 2125 by
710 2092 720 2108 ⁸
737 2094 806 2124 apud
825 2093 1071 2125 [1ὀδεῃιοηαείενιίηη],
1102 2095 1222 2119 Omitted.

136 2129 177 2153 Sir
199 2128 267 2152 John
290 2128 407 2151 Maclean.
449 2127 463 2138 “
475 2127 607 2151 Comitatus
629 2127 660 2150 de
710 2126 720 2140 ⁹
737 2126 840 2150 Domini
856 2126 947 2158 Reyis].
978 2127 1099 2152 Omitted.

135 2160 313 2187 Gloucestria”
340 2160 431 2184 should
451 2162 497 2184 not
516 2159 579 2183 have
597 2159 660 2184 been
710 2157 730 2173 ¹⁰
747 2161 774 2184 in
788 2159 873 2183 Rotulo
885 2160 921 2184 (18.
