1328 2295
118 146 141 182 4
320 159 392 184 THE
419 160 592 187 REGISTER
620 161 664 188 OF
693 162 826 188 BISHOP
855 161 1073 188 STAPELDON.

183 236 306 266 Johanna,
320 245 369 268 que
380 238 432 262 fuit
448 247 512 262 uxor
527 239 650 263 Johannis
665 240 688 264 le
706 240 839 264 Seneschal
855 239 1005 272 [defuncti]l
1021 239 1175 264 summonita
1186 238 1237 262 fuit
1247 237 1279 261 ad

216 271 419 300 respondendum
439 272 557 302 Waltero,
578 273 699 304 Episcopo
720 273 862 301 Exonieusi,
885 274 916 297 de
939 273 1034 297 Placito
1053 273 1122 304 quod
1141 272 1233 295 reddat
1257 271 1280 294 ei

217 302 390 333 Margaoetam,
417 304 596 334 Elizabetham,
620 308 646 329 et
669 306 820 335 Johannam,
843 306 906 330 filias
930 308 956 329 et
981 306 1084 329 heredes
1111 304 1234 329 Johannis
1257 304 1281 327 le

217 335 356 366 Seneschal,
380 344 488 367 quarum
512 338 633 362 Custodia
655 339 687 362 ad
709 339 793 369 ipsum
813 339 967 369 Episcopum
994 338 1138 369 pertineret,
1162 345 1190 361 eo
1214 337 1283 367 quod

218 369 346 398 predictus
358 370 485 393 Johannes
497 372 591 394 terram
611 379 682 394 suam
703 372 734 395 de
754 379 782 395 eo
799 372 882 395 tenuit
899 379 943 402 per
960 371 1093 395 servicium
1104 370 1220 399 militare,
1233 371 1280 393 etc.

218 401 254 424 Et
266 402 332 425 unde
344 402 412 425 idem
425 403 562 434 Episcopus
575 404 636 427 dicit
652 405 720 435 quod
736 404 864 435 predictus
881 404 1009 428 Johanues
1021 404 1044 427 le
1057 403 1196 432 Seneschal,
1210 404 1282 433 pater

217 434 388 464 predictarum
411 435 540 463 heredum,
565 437 649 460 tenuit
672 437 703 460 de
726 445 754 460 eo
777 437 919 460 Manerium
942 437 973 460 de
996 435 1122 466 Μιιᾶὶοῃ,2
1145 443 1203 459 cum
1227 443 1282 465 per-

217 467 339 497 tinenciis,
353 476 396 498 per
407 468 559 499 homagium⁷
573 469 729 499 fidelitatem,
742 471 769 493 et
784 469 916 493 servicium
933 471 1022 500 quarte
1034 469 1112 500 partis
1128 468 1195 492 feodi
1207 468 1283 491 unius

219 499 315 527 Militis,
329 501 446 524 videlicet
463 502 494 524 ad
513 502 654 532 scutagium
673 502 776 525 Domini
793 502 866 533 Regis
884 502 1050 533 quadraginta
1065 501 1203 525 solidorum
1224 508 1282 524 cum

221 533 338 556 acciderit
355 533 441 557 decem
453 534 504 563 sol„
518 537 543 557 et
555 535 586 557 ad
599 535 655 565 plus
669 535 733 566 plus,
746 537 772 558 et
789 535 821 558 ad
838 535 923 558 minus
942 535 1033 563 minus,
1047 537 1073 558 et
1088 534 1201 558 faciende
1217 535 1283 556 secte

221 565 252 588 ad
265 565 366 589 Curiam
378 566 456 596 ipsius
466 567 580 597 Episcopi
590 568 620 591 de
629 568 728 599 Penryn
739 568 769 591 de
777 568 859 591 tribus
869 567 1015 598 septimanis
1024 567 1050 590 in
1059 570 1111 590 tres
1120 567 1282 597 septimanaS,

221 600 252 620 ut
272 598 302 621 de
319 599 375 629 jure
395 599 503 623 Ecclesie
518 607 562 623 sue
582 600 653 623 Beati
672 601 741 624 Petri
757 601 923 629 Exouiensis3
949 601 980 624 de
1003 600 1096 631 quibus
1118 599 1236 630 homagio
1260 600 1286 622 et

221 631 323 654 servicio
341 631 408 655 idem
426 632 564 663 Episcopus
580 633 631 656 fuit
648 633 747 657 seisitus
765 641 809 664 per
824 641 913 657 manus
931 633 1037 663 predicti
1054 632 1185 662 Johanffls,
1203 634 1234 655 ut
1253 632 1284 655 de

221 663 278 693 jure
299 664 408 688 Ecclesie
428 673 472 688 sue
492 666 562 688 Beati
583 666 652 689 Petri
673 666 838 695 Exoniensis3
856 668 881 690 et
903 666 966 689 obiit
984 666 1010 689 in
1033 665 1148 696 homagio
1171 672 1235 693 suo;
1259 666 1285 688 et

222 703 251 719 ea
268 697 366 720 racione
384 698 415 721 ad
432 698 515 728 ipsum
533 698 685 729 Episcopum
704 699 812 730 pertinet
830 699 950 723 Custodia
965 698 1135 729 predictarum
1155 697 1283 721 heredum.

222 729 338 753 Predicta
349 730 465 753 Johanua
479 731 618 761 predictam
638 732 785 755 Custodiam
803 731 825 755 ei
845 732 941 762 injuste
957 731 1119 759 deforciavit;
1138 731 1206 754 unde
1222 729 1286 753 dicit

223 762 291 792 quod
320 763 485 787 deterioratus
508 766 554 793 est,
578 766 603 787 et
630 765 770 795 dampnum
793 765 870 788 habet
897 765 929 788 ad
952 764 1090 788 valeneiam
1119 764 1286 787 ducentarum

223 794 351 824 librarum,
364 798 390 819 et
402 796 460 819 inde
470 797 585 827 producit
601 799 702 826 sectam,
715 799 762 821 etc.

191 826 287 850 Eadem
307 828 424 852 Johanna
443 829 598 853 summonita
620 830 671 853 fuit
690 830 722 853 ad
739 830 943 861 respondendum
964 830 1070 854 Isabelle
1087 837 1137 860 que
1156 829 1208 853 fuit
1222 836 1287 852 uxor

224 860 347 891 Stephani
360 862 391 884 de
409 862 479 885 Bello
497 862 579 891 Prato,
593 863 624 886 de
637 863 731 886 Placito
749 864 817 893 quod
834 863 925 886 reddat
936 863 959 886 ei
973 863 1098 893 predictas
1111 862 1286 893 Margaretam,

222 892 403 923 Elizabetham,
417 897 443 918 et
458 895 474 918 J
476 895 607 924 channam,
620 895 684 919 filias
696 898 722 919 et
733 896 836 919 heredes
848 896 954 926 predicti
969 896 985 919 J
988 896 1092 919 ohannis
1104 895 1126 918 le
1142 894 1282 922 Seneschal,

226 934 333 956 quarum
344 927 465 951 Custodia
476 928 507 950 ad
519 928 598 958 ipsam
616 928 748 952 Isabellam
761 929 871 959 pertinet
888 937 916 952 eo
934 929 1001 959 quod
1013 928 1141 959 predictus
1153 928 1169 951 J
1172 928 1282 951 ohannes

226 961 319 982 terram
337 967 409 983 suam
432 961 463 983 de
483 968 511 983 ea
530 961 614 984 tenuit
636 969 680 992 per
699 961 833 985 servicium
851 961 967 990 militare,
988 964 1054 990 etc.;
1074 963 1100 984 et
1116 961 1185 984 unde
1201 961 1289 983 eadem

226 991 331 1015 Isabella
346 1000 391 1023 per
411 993 575 1016 Benedictum
594 994 624 1017 de
642 994 714 1025 Bray,
731 996 876 1017 atoruatum
896 1002 980 1024 suum,
997 994 1059 1017 dicit
1075 994 1143 1024 quod
1160 993 1288 1024 predictus

226 1024 242 1047 J
244 1024 353 1048 ohannes
365 1025 387 1048 le
400 1025 539 1053 Seueschal,
550 1028 621 1056 pater
630 1027 799 1057 predictarum
812 1027 933 1050 heredum
946 1029 1001 1056 etc„
1009 1026 1093 1050 tenuit
1102 1026 1133 1049 de
1143 1034 1170 1049 ea
1180 1028 1289 1056 quatuor

226 1064 294 1080 acras
302 1059 368 1081 terre
377 1058 562 1088 Coruubiensis,
570 1067 629 1082 cum
638 1059 805 1090 pertinenciis,
813 1060 840 1083 111
849 1060 994 1088 Polkellom,
1005 1059 1160 1087 Trelewithe,
1167 1058 1290 1088 Kennegi,

226 1090 323 1119 Garros,
333 1091 436 1122 Treury,
445 1093 472 1115 et
481 1091 657 1119 TrenrethieL3
667 1100 711 1122 per
719 1092 871 1122 homagium,
885 1092 1040 1121 fidelitatem,
1052 1094 1078 1115 et
1086 1091 1218 1115 servicium
1228 1091 1286 1121 xijs.

225 1124 251 1146 et
260 1123 321 1154 iiijd.
332 1131 376 1154 per
387 1132 489 1153 anuum,
503 1126 529 1147 et
541 1127 606 1148 secte
618 1125 730 1148 faciende
742 1125 774 1148 ad
784 1125 885 1149 Curiam
894 1125 972 1156 ipsius
982 1125 1086 1148 [sabelle
1098 1125 1129 1148 de
1142 1123 1290 1154 Lannestly⁴¹

226 1155 257 1179 de
269 1156 350 1179 tribus
363 1157 508 1187 septimanis
520 1157 546 1180 in
559 1160 609 1180 tres
627 1158 785 1188 septimanas,
799 1160 825 1181 et
840 1158 872 1181 ad
888 1158 1030 1188 scutagium
1042 1157 1144 1181 Domini
1156 1157 1230 1188 Regis
1242 1157 1288 1180 xls.

227 1196 285 1212 cum
296 1189 414 1213 acciderit
425 1189 488 1220 viijs.
503 1192 529 1213 et
541 1190 612 1220 iiijd.,
627 1192 653 1213 et
664 1191 695 1213 ad
708 1191 764 1221 plus
776 1191 840 1221 plus,
854 1193 879 1214 et
891 1191 922 1214 ad
934 1191 1019 1214 minus
1034 1190 1133 1218 minus3
1154 1190 1185 1213 de
1198 1189 1290 1220 quibus

226 1221 342 1252 homagio
354 1224 379 1245 et
391 1223 492 1246 servicio
505 1223 591 1246 eadem
604 1223 710 1246 Isabella
721 1223 772 1246 fuit
783 1223 866 1247 seisita
878 1231 922 1254 per
933 1231 1022 1246 manus
1034 1223 1141 1254 predicti
1150 1222 1272 1246 Johannis
1285 1230 1291 1251 3

228 1256 254 1277 et
267 1255 329 1278 obiit
340 1255 366 1278 in
379 1255 493 1286 homagio
506 1263 559 1286 suo,
571 1258 598 1279 et
610 1263 637 1279 ea
649 1256 746 1279 racione
758 1257 790 1279 ad
807 1256 887 1287 ipsam
897 1256 1029 1279 Isabellam
1047 1256 1157 1286 pertinet
1170 1255 1291 1279 Custodia

225 1287 395 1317 predictarum
407 1288 537 1311 heredum.
573 1288 689 1312 Predicta
707 1289 824 1312 Johanna.
842 1289 982 1319 predictam
1000 1288 1147 1312 Custodiam
1160 1288 1182 1311 ei
1194 1288 1289 1318 injuste

225 1319 371 1343 deforciavit
383 1328 388 1347 ;
409 1321 475 1344 unde
487 1321 549 1344 dicit
561 1322 628 1351 quod
639 1321 788 1345 deteriorata
797 1324 835 1345 est
844 1324 870 1345 et
879 1322 1018 1352 dampnum
1027 1321 1104 1345 habet
1113 1321 1146 1344 ad
1152 1320 1290 1344 valenciam

226 1353 421 1383 quingentarum
434 1353 562 1383 librarum,
576 1356 599 1377 et
612 1354 671 1377 inde
683 1355 799 1384 producit
808 1356 909 1382 sectam,
925 1356 971 1378 etc.

194 1384 228 1407 Et
240 1385 255 1408 J
258 1385 356 1409 ohanna
368 1386 438 1409 venit
450 1388 475 1409 et
487 1386 601 1409 defendit
613 1387 663 1410 vim
674 1389 700 1410 et
714 1387 834 1417 injuriam
849 1395 911 1417 quas
923 1389 970 1410 etc.
1006 1387 1041 1410 Et
1057 1387 1140 1418 quoad
1151 1386 1290 1417 predictam

226 1418 400 1449 Margaret-am,
421 1418 499 1442 filiam
515 1421 540 1442 et
556 1427 633 1442 unam
652 1419 774 1443 heredum
794 1420 900 1450 predicti
923 1419 1053 1449 Johanuis,
1073 1419 1134 1443 dicit
1149 1419 1218 1449 quod
1236 1418 1291 1449 ipsa

227 1451 367 1481 Margareta
387 1459 437 1474 uon
458 1454 496 1475 est
516 1452 542 1475 in
564 1452 685 1476 Custodia
705 1460 756 1482 sua,
778 1460 807 1476 eo
827 1453 895 1483 quod
915 1453 968 1483 ipsa
986 1452 1104 1476 maritata
1121 1452 1172 1475 fuit
1190 1451 1291 1475 vivente

226 1484 338 1513 predicto
370 1484 492 1512 Johanne,
522 1486 594 1515 patre
626 1492 679 1514 suo,
703 1487 750 1508 etc.
797 1485 832 1508 Et
858 1485 942 1516 quoad
964 1485 1088 1516 predictas
1116 1484 1289 1508 Elizabetham

227 1518 253 1539 et
282 1517 432 1546 Johannam,
464 1516 527 1540 filias
550 1519 576 1540 et
604 1517 736 1541 coheredes
760 1518 867 1548 predicti
892 1518 1022 1547 Johannis,
1046 1517 1108 1541 dicit
1137 1517 1206 1548 quod
1236 1517 1290 1547 ipsa

225 1549 302 1572 nichil
320 1550 411 1573 clamat
427 1550 453 1572 iu
472 1549 592 1573 Custodia
609 1551 745 1574 earundem
763 1551 909 1574 Elizabethe
927 1553 952 1574 et
969 1551 985 1575 ,J
988 1550 1085 1574 ohanne
1102 1550 1151 1573 nisi
1168 1552 1290 1580 tanquam

226 1584 307 1605 mater
332 1590 418 1606 earum
442 1582 539 1606 racione
567 1583 702 1613 nutriture,
722 1586 769 1606 etc.
782 1591 787 1611 ;
817 1586 843 1607 et
869 1583 923 1607 illas
949 1583 1070 1614 produxit
1097 1583 1138 1606 hic
1159 1582 1186 1606 in
1216 1582 1291 1606 Curia

227 1615 259 1637 ad
287 1615 445 1638 reddendum
474 1615 514 1638 cui
539 1615 710 1646 predictorum
735 1616 852 1647 Episcopi
886 1618 912 1640 et
940 1616 1045 1640 Isabelle
1069 1616 1100 1639 de
1133 1615 1189 1646 jure
1220 1615 1292 1638 reddi

229 1647 344 1677 debeant,
357 1649 402 1671 etc.
439 1648 473 1671 Et
482 1648 620 1678 Episcopus
636 1648 698 1671 dicit
709 1649 777 1679 quod
789 1649 900 1679 predicte
912 1648 1015 1672 heredes
1027 1648 1081 1677 sibi,
1095 1650 1121 1672 et
1132 1656 1183 1671 non
1195 1648 1292 1679 prefate

230 1680 343 1709 Isabelle,
360 1681 390 1703 de
406 1680 462 1711 jure
480 1681 551 1703 reddi
568 1681 669 1709 debent,
682 1682 741 1711 quia
759 1681 821 1705 dicit
839 1682 907 1712 quod
925 1682 1052 1712 predictus
1069 1681 1203 1710 Johaunes,
1222 1683 1293 1711 pater

229 1713 400 1742 predictarum
419 1713 548 1743 heredum,
566 1715 591 1736 et
605 1716 772 1737 antecessores
789 1714 828 1737 sui
841 1717 980 1738 tenuerunt
991 1714 1133 1745 predictum
1151 1713 1292 1737 Manerium

229 1746 260 1768 de
272 1746 376 1776 Midyon
389 1746 442 1776 (sic)
458 1746 488 1769 de
500 1746 554 1776 ipso
566 1746 689 1777 Episcopo
702 1749 727 1770 et
737 1747 954 1770 Predecessoribus
966 1747 1025 1776 suis,
1038 1749 1092 1775 etc„
1105 1754 1149 1777 per
1161 1746 1291 1777 antiquius

228 1778 418 1801 feoffameutum
437 1786 480 1809 per
498 1779 630 1802 servicium
649 1779 757 1802 militare
780 1788 856 1810 quam
879 1782 1018 1803 tenuerunt
1035 1779 1159 1810 predictas
1182 1781 1292 1809 quatuor

227 1818 294 1834 acras
306 1814 372 1834 terre
386 1811 562 1834 Cornubiensis
574 1812 605 1834 de
617 1812 729 1842 predicta
741 1812 847 1835 Isabella
858 1814 884 1836 et
900 1812 1098 1836 antecessoribus
1115 1811 1167 1835 suis
1180 1819 1186 1840 ;
1204 1813 1230 1835 et
1244 1811 1292 1834 hoc

228 1844 356 1874 pretendit
368 1843 501 1874 verificare,
515 1846 560 1867 etc.
596 1844 630 1867 Et
646 1845 705 1875 quia
723 1845 835 1875 predicta
852 1845 958 1868 Isabella
973 1853 1023 1868 non
1039 1846 1078 1868 est
1093 1844 1134 1868 hic
1149 1844 1175 1867 in
1193 1844 1293 1875 propria

129 1955 137 1969 ¹
156 1955 216 1979 This
228 1963 289 1986 page
298 1955 342 1978 has
350 1955 457 1978 suffered
466 1955 531 1978 from
541 1955 624 1985 damp,
636 1956 685 1979 and
771 1956 808 1979 St.
825 1955 889 1979 Erth
903 1963 908 1984 ;
929 1955 1075 1986 Kenneggy,
1089 1955 1115 1978 in
1128 1955 1164 1978 St.
1178 1955 1271 1985 Breage
1283 1962 1290 1984 ς

161 1988 255 2012 several
267 1988 347 2011 words
359 1995 400 2011 are
412 1987 443 2010 all
456 1987 503 2010 but
513 1988 626 2017 illegible.
771 1989 868 2017 Garras,
887 1988 914 2011 in
936 1988 972 2012 St.
992 1987 1274 2018 Mawgau-in-Meueage
1285 1995 1291 2015 ;

129 2020 138 2035 ²
156 2021 291 2051 Mudgeon,
309 2020 334 2043 in
353 2020 390 2043 St.
415 2020 682 2051 Martin-in-Meneago.
769 2021 847 2049 Trew,
860 2021 885 2044 in
902 2021 938 2044 St.
962 2021 1073 2051 Breage3
1091 2020 1248 2049 Treuethick,
1267 2020 1293 2043 in

162 2054 215 2077 The
225 2053 370 2076 Seueschals
382 2060 445 2076 were
458 2053 542 2075 seatcd
556 2055 582 2076 at
594 2053 683 2076 Treue-
770 2053 806 2076 St.
820 2053 947 2076 XVendron
958 2053 994 2082 (ἲ).

162 2086 232 2109 thick
248 2086 274 2109 111
292 2086 335 2109 the
351 2085 480 2116 adjoining
498 2085 584 2108 Parish
601 2086 626 2108 of
646 2086 681 2109 St.
736 2085 746 2099 ⁴¹
763 2086 816 2109 The
833 2086 954 2116 priucipal
974 2086 1062 2109 Mauor
1078 2085 1104 2108 in
1126 2085 1224 2114 Gulval,
1244 2085 1293 2108 and

160 2119 295 2142 Wendron.
768 2118 892 2150 anticntly
904 2119 947 2142 the
959 2126 1032 2142 name
1045 2118 1071 2141 of
1082 2118 1139 2142 that
1152 2118 1246 2142 Parish.

129 2150 138 2165 ³
156 2151 283 2182 Porkellis⁷
296 2151 322 2174 in
334 2151 462 2175 lVendrou
475 2158 481 2180 ;
499 2150 682 2181 Trclowetl1,i11
