1328 2295
457 158 630 184 GENERAL
664 158 796 184 INDEX.
1133 149 1204 185 129

55 236 128 257 Causa
141 237 228 261 bitatis
239 235 416 268 improbatide¹
429 236 516 274 specie⁸⁵
525 236 646 260 fallaciter
653 235 790 259 inclinavit.
818 235 890 265 Cum,
899 236 974 266 enim,
982 236 1007 259 in
1016 236 1204 260 Torneamentis

75 262 111 281 In-

60 287 123 307 hibu-

55 312 130 332 cionis.

43 626 135 646 Inhibu-

76 651 118 672 cio.

61 984 128 1004 Pena.

142 272 169 293 et
188 270 277 299 Justis,
295 278 344 300 que
362 269 489 293 interdum
507 269 533 292 in
551 269 676 299 aliquibus
689 268 806 292 Partibus
823 268 877 291 fieri
894 269 982 298 solent,
995 269 1077 292 multa
1094 269 1203 299 pericula

141 302 291 326 immineant
303 303 451 331 animarum,
461 310 532 325 neces
542 301 681 330 hominum,
691 301 851 331 consumpeio
862 302 1032 331 pecuniarum,
1042 304 1067 325 et
1079 309 1202 332 equorum

142 335 325 358 destrucciones
342 335 490 365 plerumque
507 334 662 363 contingant
681 333 775 356 nemini
788 333 858 356 venit
874 333 900 356 in
912 334 1020 357 dubium
1032 342 1091 357 sane
1102 334 1202 363 mentis,

140 367 202 398 quin
224 367 262 390 iffi
284 367 328 397 qui
350 368 533 390 Torneamenta
554 367 658 395 faciunt,
682 366 722 389 vel
744 366 797 389 fieri
819 368 961 396 procurant,
990 367 1201 397 impedimentum

140 402 275 430 procurent
287 400 402 430 Passagio
414 400 533 428 faciendo,
547 399 578 422 ad
591 399 659 429 quod
671 398 791 426 homines
810 399 876 429 equi,
894 401 920 422 et
932 399 1036 429 pecunia
1049 402 1074 422 et
1086 407 1199 429 expense,

140 433 193 456 sore
224 432 360 456 necessaria
389 432 571 462 dignoscuntur
584 439 590 459 ;
622 434 724 462 propter
756 439 804 462 que
835 433 862 454 et
895 434 1020 462 quantum
1054 431 1202 462 hujusmodi

140 465 323 491 Torneamenta
339 467 407 494 sunt,
428 473 485 488 cum
503 464 584 494 gravis
601 472 663 494 pene
681 463 830 493 adjeocione,
851 471 865 487 a
882 464 972 487 nostris
985 464 1202 489 Predecessoribus

139 497 290 526 interdicta;
315 499 439 528 qnantum
469 497 547 520 eciam
569 496 596 519 in
627 496 747 519 faciendis
773 496 788 519 J
792 496 854 519 ustis
880 496 1006 526 predictis,
1034 504 1083 527 que
1107 496 1203 519 Tabule

140 530 259 553 Rotunde
274 530 300 553 in
317 530 442 560 aliquibus
455 529 573 552 Partibus
590 529 726 559 vulgariter
742 531 928 559 nuncupantur,
947 529 1033 552 eadem
1051 529 1161 559 dampna
1177 531 1204 552 et

139 562 249 592 pericula
266 562 400 585 imminent
418 570 467 592 que
484 562 510 585 in
523 561 711 585 Torneamentis
728 561 854 591 predictis,
875 563 901 584 et
918 561 974 584 ideo
992 561 1056 585 eirca
1075 569 1115 584 eas
1135 561 1202 584 idem

138 595 181 625 jus
199 595 364 618 statuendum
380 595 473 618 existit.
510 594 568 617 Ideo
583 594 704 617 universis
721 596 746 616 et
758 594 862 624 singulis
874 601 918 624 per
930 594 1038 622 Francie,
1058 593 1155 624 Anglie,
1177 595 1203 616 et

144 627 291 650 Alemannie
314 628 406 657 Regna,
435 627 608 657 Burgundiam
636 626 801 656 Imperialem,
828 634 856 649 ac
885 626 1041 650 Comitatum
1065 626 1201 654 Provincie,

143 660 296 683 Viennenses
314 662 339 683 et
351 659 495 683 Bisuntinas
509 659 656 687 Provincias,
666 662 692 682 et
703 659 820 688 contigua
834 659 1009 682 circumvicina
1024 661 1050 682 et
1061 658 1204 689 adjacencia

141 693 235 721 Partes,
259 693 354 721 Terras,
378 694 404 715 et
428 693 491 715 Loca
514 692 666 719 constitutis,
691 691 716 714 in
741 691 833 721 quibus
856 691 895 714 vel
919 691 1044 722 aliquibus
1067 691 1203 714 eorundem

141 725 287 755 frequenter
309 725 549 748 Torneamentorurn
573 727 599 748 et
630 724 645 747 J
649 726 762 747 [istarum
787 724 957 754 predictorum
986 724 1115 747 consuevit
1144 731 1204 746 usus

141 757 232 786 haberi,
243 757 284 788 cuj
288 765 375 780 uscum
384 757 591 787 quecondicionis,
599 759 688 784 status,
697 756 735 779 vel
744 756 923 786 preeminencie
933 756 1035 785 fuerint,
1047 756 1204 779 Auctoritate

142 790 285 820 Apostolica
302 790 415 813 districte
430 789 580 820 precipimus
596 792 622 812 et
637 789 779 811 inhibemus
796 796 910 819 expresse
922 797 953 812 ne
966 789 1148 812 Torneamenta
1159 796 1203 811 seu

142 822 229 845 Justas
245 822 392 853 hujusmodi
408 822 433 845 in
452 822 524 845 dictis
542 822 642 851 Regnis,
663 821 807 849 Provinciis,
832 821 956 849 Partibus,
976 821 1064 850 Terris,
1083 824 1109 844 et
1127 821 1205 850 Locis,

143 855 174 878 de
186 857 267 878 cetero
284 855 363 878 facere
374 855 413 877 vel
429 861 543 877 exercere
560 856 713 884 presumant.
752 854 810 882 Nos,
823 854 898 883 enim,
911 854 937 877 in
950 861 1035 877 omnes
1051 856 1078 877 et
1092 853 1204 882 singulos

142 887 174 910 de
192 887 266 911 dictis
284 887 381 917 Regnis.
403 887 546 915 Provinciis,
568 886 691 915 Partibus,
713 886 801 914 Terris
823 889 849 909 et
866 887 943 914 Locis,
963 887 1145 910 Torneamenta
1161 894 1205 909 seu

142 920 230 943 Justas
253 920 369 950 predicta
393 922 478 942 contla
507 919 654 950 hujusmodi
678 919 791 941 Maudati
818 922 844 942 et
871 919 1032 942 lnhibicionis
1061 921 1204 942 nostrorum

141 954 261 981 tenorem,
274 952 354 975 facere
367 952 405 975 vel
425 960 536 975 exerce1e
556 951 745 982 quomodolibet
762 954 954 980 presumentes;
972 959 1075 980 necnon,
1089 954 1115 974 et
1126 951 1151 974 in
1164 959 1204 974 eos

143 985 170 1008 in
193 992 301 1015 quorum
325 985 413 1013 Terris,
437 985 476 1007 vel
500 984 669 1013 Districtibns,
697 991 740 1007 seu
765 984 842 1012 Locis,
871 991 899 1007 ea
921 984 974 1007 fieii
998 983 1137 1014 eontigerit,
1156 991 1206 1006 non

142 1017 311 1048 prohibentes,
331 1017 352 1040 si
369 1020 488 1047 possent;
506 1025 534 1040 ic
552 1017 578 1039 in
596 1024 636 1039 eos
651 1016 695 1046 qui
711 1016 857 1047 hujusmodi
869 1016 1051 1040 Torneamenta
1063 1024 1106 1039 seu
1119 1016 1206 1039 Justas

142 1050 268 1077 facientes,
290 1058 333 1073 seu
355 1050 434 1073 facere
453 1035 571 1077 volentes,
591 1054 616 1072 et
637 1051 738 1079 propter
756 1049 801 1072 hoc
821 1049 852 1072 ad
870 1049 953 1072 locum
970 1049 1147 1072 Torneamenti
1162 1056 1206 1071 seu

143 1083 275 1106 Justarum
287 1082 435 1113 hujusmodi
451 1082 602 1109 accedentes
621 1082 703 1104 eundo
716 1084 741 1104 et
753 1082 850 1107 stando,
869 1081 895 1104 in
908 1081 1023 1105 domibus
1036 1082 1087 1104 suis
1099 1081 1206 1105 scienter

143 1115 288 1145 receperint,
308 1115 367 1145 ipsis
379 1122 463 1144 equos,
478 1122 552 1143 arma,
575 1114 613 1137 vel
626 1122 752 1144 expensas,
772 1114 810 1136 vel
823 1114 909 1144 quevis
921 1114 968 1137 alia
980 1114 1091 1137 subsidia
1102 1122 1147 1144 pro
1159 1113 1207 1136 hiis

143 1147 262 1170 faciendis
285 1147 489 1175 ministraverint,
513 1147 552 1170 vel
575 1147 599 1169 in
624 1147 717 1169 eisdem
740 1154 814 1176 super
837 1146 885 1169 hiis
912 1147 1007 1176 aliquid
1030 1146 1206 1170 commercium

143 1180 252 1208 inierint,
268 1180 541 1203 Excommunieaeionis
554 1179 711 1202 Sentenciam
724 1179 919 1209 promulgamus,
939 1182 965 1202 et
976 1179 1078 1202 Terram
1094 1179 1206 1208 ipsorum

144 1213 317 1236 Ecclesiastico
345 1212 492 1243 subjicimus
516 1212 661 1239 Interdicto‚
682 1211 866 1234 absolucionem
887 1211 918 1234 ab
941 1211 1208 1235 Excommunicacione

143 1245 262 1275 predicta,
275 1247 434 1275 preterquam
446 1245 472 1267 in
485 1245 573 1267 mortis
585 1244 696 1272 articulo,
710 1244 768 1267 Sedi
778 1244 919 1274 Apostolice
931 1246 1085 1267 reservantes
1096 1253 1103 1272 3
1122 1251 1207 1266 omnes

144 1277 364 1307 confederaciones,
377 1277 552 1307 colligacioues,
566 1277 700 1307 pacciones,
714 1276 895 1307 promissiones,
909 1279 935 1299 et
947 1276 1110 1307 obligaciones
1128 1276 1207 1299 factas

146 1318 220 1340 super
236 1310 292 1339 hiis,
314 1312 339 1333 et
352 1318 413 1340 quas
433 1309 487 1332 fieri
499 1309 631 1339 contigerit
644 1309 668 1332 in
682 1309 806 1337 futurum,
825 1309 872 1332 sub
892 1317 1052 1339 quacumque
1063 1309 1144 1332 forma
1163 1316 1207 1332 seu

145 1341 227 1371 modo,
248 1342 288 1366 vel
303 1342 458 1372 expressione
475 1342 615 1369 verborum,
635 1341 711 1365 eciam
727 1342 748 1364 si
766 1344 848 1364 essent
865 1342 1015 1372 juramentis
1026 1341 1065 1365 vel
1077 1341 1208 1372 quibusvis

145 1383 267 1405 penarum
285 1375 426 1405 adjectibus
445 1375 567 1403 roborata,
589 1382 619 1398 ex
642 1382 709 1397 nunc
740 1374 810 1397 irrita
837 1374 1005 1398 decernentes.
1040 1374 1118 1403 Nulli,
1142 1382 1206 1404 erge,

146 1407 247 1431 omnino
281 1407 377 1430 homini
411 1407 484 1430 liceat
517 1407 581 1430 hanc
615 1407 731 1437 paginam
760 1407 840 1430 nostri
874 1407 994 1436 Mandati,
1029 1406 1208 1434 Inhibucionis,

146 1439 365 1470 Promulgacionis,
378 1439 552 1470 Subjeccionis,
566 1439 756 1467 Reservacionis,
769 1442 795 1462 et
808 1439 1004 1463 Constitucionis
1020 1439 1154 1469 infringere
1168 1439 1208 1462 vel

147 1472 176 1501 ei,
188 1480 252 1495 ausu
263 1472 401 1501 temerario,
415 1472 542 1495 contraire.
579 1472 605 1495 Si
617 1472 680 1502 quis,
694 1474 786 1501 autem,
799 1472 846 1495 hoc
857 1474 1008 1502 attemptare
1020 1472 1208 1502 presumpserit,

146 1505 345 1535 indignacionem
358 1505 544 1535 Omnipotentis
558 1504 605 1528 Dei
619 1507 645 1527 et
662 1505 798 1527 Beatorum
810 1504 879 1527 Petri
895 1507 920 1527 et
937 1504 1015 1534 Pauli,
1028 1504 1207 1535 Apostolorum

147 1537 219 1568 Ejus,
231 1545 257 1561 se
274 1537 371 1560 noverit
388 1537 686 1560 incursurum.—Datum
703 1537 728 1560 in
747 1537 862 1560 Prioratu
880 1537 911 1560 de
923 1537 1052 1560 Grausello
1072 1536 1208 1566 (Groseau),

147 1577 223 1600 prope
235 1570 406 1593 Malausanam
418 1569 591 1599 (Mazancene),
601 1569 749 1592 Vasonensis
758 1568 886 1599 Diocesis,2
895 1569 937 1600 xvj
951 1569 1076 1593 Kalendas
1087 1569 1209 1598 Octobris,

146 1602 310 1626 Pontificatus
322 1602 402 1625 nostri
415 1603 488 1625 Anno
501 1602 595 1625 Octavo
608 1601 650 1632 [16
664 1602 740 1632 Sept,
754 1602 834 1631 1313}

116 1634 188 1664 Cum,
201 1635 285 1665 igitur,
298 1635 369 1658 nobis
387 1642 430 1665 per
443 1635 532 1658 Sedem
546 1635 723 1665 Apostolicam,
737 1637 767 1657 ut
779 1634 943 1664 premittitur,
955 1635 1106 1658 mandatum
1118 1634 1210 1658 existat

146 1669 177 1690 ut
198 1670 317 1690 contenta
338 1667 364 1690 in
388 1667 477 1690 Literis
501 1667 649 1698 Apostolicis
672 1667 853 1697 suprascriptis,
883 1667 926 1690 ubi
954 1669 980 1690 et
1008 1667 1109 1697 quando
1138 1668 1210 1691 nobis

147 1699 280 1729 videbitur,
301 1700 421 1723 faciamus
438 1700 609 1730 sollempniter
626 1699 754 1730 publicani,
775 1702 801 1722 et
817 1699 888 1722 nobis
906 1707 1064 1730 summopere
1076 1700 1210 1729 expediens

147 1732 263 1755 videatur
280 1734 310 1755 ut
326 1732 439 1763 predicta
456 1732 481 1755 in
494 1733 579 1762 Regno
592 1732 681 1762 Anglie
698 1732 810 1755 celeriter
822 1734 847 1755 et
859 1732 1030 1762 sollempniter
1042 1732 1209 1763 publicentur,

148 1764 295 1795 hujusmodi
317 1765 468 1788 auctoritate
492 1765 612 1792 Mandati,
636 1764 706 1787 vobis
731 1767 756 1787 et
779 1767 891 1787 vestrum
915 1765 1027 1795 singulis,
1051 1765 1210 1788 Presencium

149 1799 243 1826 tenore,
266 1797 379 1820 districte
398 1797 556 1827 precipiendo
575 1797 723 1820 mandamus
743 1797 861 1826 quatinus
882 1797 1029 1827 hujusmodi
1049 1799 1167 1820 contenta
1185 1798 1211 1820 in

148 1829 266 1859 predictis
280 1830 369 1852 Literis
382 1830 539 1860 Apostolicis,
558 1829 651 1852 scilicet
668 1829 774 1859 quilibet
787 1832 899 1852 vestrum
910 1830 935 1852 in
950 1830 1020 1853 Locis
1032 1830 1212 1860 sollempnibus

149 1869 193 1885 sue
202 1862 319 1891 Diocesis,
330 1862 479 1891 quantocius
492 1862 665 1892 sollempniter
677 1862 808 1892 publicetis
820 1869 826 1890 ;
844 1864 959 1886 caventes
971 1863 1104 1892 ne——quod
1115 1862 1212 1886 absit—

59 1981 69 1996 ²
87 1982 146 2006 This
158 1984 256 2007 curicus
268 1984 336 2007 word
353 1986 422 2007 must
440 1984 470 2007 bc
485 1992 499 2007 a
517 1984 615 2007 clerical
700 1984 771 2014 given
790 1984 815 2007 in
834 1984 978 2015 Reynaldi’s
995 1985 1174 2009 Continuation
1193 1986 1218 2009 of

90 2023 157 2039 error
184 2016 223 2039 for
251 2016 434 2047 “improbitate
445 2017 458 2026 '’
487 2025 515 2039 or
545 2018 558 2027 ‘¹
569 2017 615 2039 im·
700 2017 833 2040 Baroozius'
869 2018 1001 2041 “Annales
1031 2018 1218 2041 Ecclesiastici⁰

91 2048 217 2078 probate.’‘
253 2049 305 2072 The
324 2049 382 2072 Bull
404 2049 425 2072 is
448 2051 493 2072 not
515 2049 617 2079 printed
701 2049 754 2072 Vol.
768 2050 806 2078 V.‚
819 2058 841 2080 p.
856 2051 870 2073 2
885 2051 940 2079 (Ed.
955 2050 1172 2079 1750—Mans11‘s).

91 2080 118 2103 in
135 2080 179 2104 the
197 2080 296 2105 Foedera
313 2089 340 2105 or
362 2082 388 2104 in
407 2081 451 2104 the
473 2081 616 2105 Bulzarz'um
667 2080 677 2095 ‘³
696 2082 829 2110 Vaison,in
839 2082 883 2106 the
893 2082 1093 2113 Archiepiscopal
1103 2083 1222 2108 Province

92 2112 236 2143 Romanum,
262 2114 310 2137 but
336 2121 350 2137 a
376 2113 447 2137 short
473 2116 572 2138 extract
595 2114 616 2138 is
702 2114 728 2137 of
745 2114 867 2145 Avignon.

203 2156 221 2182 J
