1328 2295
110 148 154 186 12

297 157 375 187 THE
401 156 589 187 REGISTER
615 157 663 188 OF
689 157 827 188 BISHOP
854 158 1085 188 STAPELDON.

209 239 318 264 Ecclesie
327 239 412 264 Titulo
422 239 513 264 Sancte
525 239 616 263 Sabine
628 239 771 263 Presbitero
782 239 915 270 cardinali,
925 239 1059 269 Walterus,
1068 240 1122 267 etc.,
1133 238 1254 262 salutem·
1249 250 1281 254 ·—

211 273 289 302 Licet,
302 280 333 296 ex
349 272 464 303 plecibus
477 272 624 296 Sanctitatis
639 274 721 296 vestre
739 280 782 303 spe
794 275 920 303 concepta,
935 272 1153 308 Consecracionem
1168 272 1281 294 nostram

213 306 273 329 alibi
285 313 362 336 quam
375 305 401 329 in
412 305 523 329 Ecclesia
534 305 708 329 Cantuariensi
720 313 735 328 a
747 305 856 329 Domino
870 305 1052 332 Cantuafiensi,
1064 305 1105 328 div
1108 304 1167 327 01313
1179 302 1282 327 racioni-

209 338 257 362 bus
273 338 320 362 sibi
336 338 496 369 exponendis,
510 337 564 361 fieri
580 346 638 361 cum
654 338 800 361 humilitate
817 338 903 361 debita
920 338 1093 369 postulassem,
1110 337 1177 360 idem
1194 338 1280 359 tamen

209 379 255 395 nec
270 371 385 401 precibus
401 371 491 394 vestlis
506 378 552 394 nec
569 370 710 394 racionibus
728 370 815 394 motiv
809 379 837 400 1s‚
850 378 912 401 quas
931 371 1009 394 eciam
1026 370 1112 394 audire
1128 369 1220 398 renuit,
1233 368 1277 392 ali-

209 404 318 434 qualiter
329 403 472 432 inclinatum,
485 403 553 434 quod
563 403 702 434 petendum
718 403 802 426 fuerat
814 403 954 434 denegavit,
967 404 1024 434 plus
1040 403 1114 426 solito
1132 387 1277 425 01130οἐ1103-

208 437 282 466 00113(
275 435 330 467 (sic)
340 438 477 467 antequam
486 436 533 459 sibi
543 438 608 459 esset
618 436 708 466 peticio
716 436 815 466 plenius
824 436 970 467 explanata·
966 454 971 465 ‚
989 436 1059 466 prius
1069 438 1154 459 autem
1164 434 1279 471 negando

207 469 357 506 responde-le
368 477 419 492 non
431 469 522 506 potuit,
536 468 595 492 licet
607 468 698 492 fuisset
713 469 826 499 cognitor
838 471 998 492 secretorum.
1037 468 1138 497 Nolens,
1151 468 1236 498 igitur,
1249 466 1277 490 in

207 502 383 533 prosecucione
394 501 472 532 ipsius
484 501 615 532 peticionis
627 501 710 531 ipsum
723 501 829 524 ulterius
841 502 973 531 offendere,
986 501 1034 525 sub
1046 501 1120 532 cujus
1132 499 1277 524 obediencia

212 534 338 565 oportebit
358 542 399 557 me
425 534 532 557 ulterius
554 542 707 564 permanere,
728 534 796 557 diem
816 536 842 557 et
859 534 942 557 locum
963 536 1134 564 competentes
1154 533 1186 556 ad
1205 533 1279 556 bene-

209 567 331 598 placitum
343 567 404 590 dicti
412 567 514 590 Domini
522 566 707 597 Archiepiscopi
719 566 782 590 mihi
794 567 913 597 assignari
925 567 993 597 petii,
1006 567 1110 590 diversis
1121 566 1224 595 vicibus,
1233 574 1278 597 pro

212 600 404 624 Consecracione
423 599 585 630 supradicta;
603 599 663 630 ipse,
682 602 774 628 tamen,
786 600 854 630 quod
870 600 1005 630 petebatur
1021 599 1101 623 facere
1122 599 1229 628 distulit,
1248 606 1279 622 ex

209 632 353 656 racionabili
372 640 445 656 causa
465 632 570 655 forsitan
590 634 653 655 tunc
672 632 792 662 temporis
815 632 960 663 impeditus,
984 634 1061 663 prout
1080 634 1162 655 vestre
1187 632 1278 655 Sancte

210 665 361 689 Pater-nitati
377 664 530 688 sufficienter
544 665 669 688 constabit
692 672 736 695 per
758 665 862 695 Puplica
885 665 1060 688 Instrumenta
1080 673 1129 695 que
1148 664 1279 688 ostendere

209 698 303 729 poterit
323 698 388 721 lator
410 705 518 729 presens.
556 697 676 726 Audiens,
700 699 794 727 autem,
820 699 912 728 postea,
937 698 1006 728 quod
1029 697 1153 721 Dominus
1176 697 1279 721 Electus

210 730 404 762 XVygorniensis,
425 738 483 754 cum
499 738 557 761 quc,
570 738 614 760 pro
632 730 740 753 vitandis
756 730 900 761 sumptibus
917 730 1047 761 sperabam
1063 730 1206 759 consecrari,
1223 738 1277 761 pro-

210 764 366 794 rogacionem
382 771 426 786 sue
445 762 643 787 Conseclacionis
659 765 685 786 et
705 763 752 786 loci
773 763 943 786 mutacionem
963 771 1095 794 procurare
1113 749 1226 786 intendit
1246 771 1277 786 ex

210 796 368 827 plenitudine
376 795 516 826 potestatis,
526 795 593 826 piam
604 795 786 819 Paternitatem
795 798 903 819 vestram
912 796 1002 819 humili
1014 796 1147 819 devocione
1159 796 1277 826 deprecor

211 831 237 852 et
259 829 359 859 requiro
380 828 507 859 quatinus,
528 828 549 851 si
579 828 611 851 sit
633 828 676 857 ita,
701 828 777 852 michi
800 828 889 859 utique
906 827 1011 852 diversis
1033 828 1174 852 racionibus
1199 828 1278 859 magis

209 862 339 892 indigenti,
357 861 466 892 graciam
483 861 638 884 consimilem
656 869 788 891 procurare
805 861 895 891 velitis,
912 862 974 884 dum
991 863 1075 884 tamen
1092 861 1118 884 id
1131 861 1184 884 fieri
1196 861 1278 885 valeat

209 895 275 918 infra
284 894 358 917 breve
365 896 466 924 tempus
478 896 505 917 et
516 894 609 924 absque
621 893 765 924 sumptibus
777 894 893 917 onerosis.
920 894 1059 923 Materiam,
1069 902 1134 923 vero,
1145 894 1278 924 cujusdam

210 926 344 950 Petieionis
367 934 411 957 per
433 934 481 955 me,
505 926 598 956 absque
624 926 733 949 nominis
759 926 921 957 expressione,
943 934 1018 957 super
1041 927 1088 950 hiis
1116 927 1174 950 rudi
1202 927 1278 950 modo

210 962 364 990 conceptam,
385 961 411 982 et
433 967 477 989 per
500 959 609 989 aliquem
631 959 825 982 Peticionarium
844 959 919 983 Curie
942 959 1062 983 secrecius
1085 960 1276 989 emendandam,

210 995 292 1016 vestre
308 991 481 1015 Dominacioni
495 991 641 1015 transmitto
658 991 820 1015 Presentibus
836 992 997 1015 interclusam
1011 1000 1016 1020 ;
1034 992 1137 1022 cupiens
1153 992 1221 1022 quod
1232 992 1278 1016 1100

211 1026 243 1048 ad
269 1025 388 1048 noticiam
405 1024 483 1048 vestri
505 1024 626 1048 auditoris
645 1024 684 1047 vel
705 1024 842 1055 cujuslibet
864 1025 967 1048 alterius
988 1032 1038 1048 non
1058 1025 1207 1055 pervenerit,
1234 1033 1278 1056 per

212 1065 289 1089 quem
305 1059 414 1088 possent,
432 1059 491 1080 ante
508 1057 769 1087 consumpmacionem
786 1057 888 1088 negocii,
906 1058 938 1081 ad
955 1057 1074 1081 noticiam
1092 1057 1153 1081 dicti
1176 1058 1279 1081 Domini

211 1090 398 1121 Archiepiscopi
418 1090 458 1113 vel
485 1097 589 1113 suorum
611 1089 753 1120 aliqualiter
782 1090 918 1120 pervenire.
966 1091 1008 1120 Et,
1030 1092 1060 1113 ut
1083 1090 1186 1114 valeatis
1210 1092 1279 1121 quod

212 1123 309 1154 petitur
325 1123 423 1146 facilius
434 1122 576 1153 impetrare,
589 1122 664 1146 mitto
677 1123 709 1146 ad
720 1130 764 1146 vos
777 1122 872 1146 Literas
883 1123 976 1153 Regine
987 1123 1085 1153 Anglie,
1096 1123 1243 1153 Margarete,
1253 1126 1279 1147 et

212 1156 310 1179 Literas
322 1155 396 1186 Regis
406 1155 516 1183 Francie,
528 1155 622 1178 Fratris
635 1155 680 1183 sui,
690 1163 771 1186 nuper
782 1163 827 1186 pro
839 1156 946 1186 negociis
958 1155 1019 1179 meis
1032 1157 1118 1179 contra
1130 1156 1280 1187 Magistrum

213 1189 348 1212 Ricardum
368 1189 399 1212 de
419 1188 590 1219 Plympstoke,
601 1188 705 1211 Summo
725 1188 839 1211 Pontifici
855 1188 1019 1218 impetratas;
1040 1196 1136 1212 necnon
1156 1189 1279 1219 quasdam

213 1221 310 1245 Literas
332 1220 488 1252 Apostolicas
511 1220 626 1250 bullatas,
647 1228 721 1251 super
745 1220 942 1244 confirmacione
962 1224 987 1244 et
1009 1221 1200 1245 Consecraeione
1223 1229 1279 1245 mea

212 1256 336 1285 optentas,
357 1255 494 1284 antequam
517 1253 600 1276 dictus
628 1253 754 1276 Dominus
777 1253 984 1284 Archiepiseopus
1012 1253 1103 1277 fuisset
1131 1262 1145 1277 a
1174 1255 1279 1278 Summo

212 1286 334 1310 Pontifice
350 1286 503 1315 restitutus;
524 1293 573 1316 que
592 1293 685 1315 omnes,
698 1286 757 1309 licet
774 1286 927 1310 Peticionem
944 1294 1012 1310 nunc
1029 1286 1169 1310 faciendam
1185 1287 1279 1311 directe

211 1327 262 1343 non
274 1319 397 1350 respiciat,
413 1320 533 1349 poterunt
545 1321 630 1342 tamen
643 1318 669 1341 in
681 1318 840 1349 expedicione
852 1319 967 1349 ejusdem
979 1319 1086 1349 aliquale
1095 1320 1277 1344 adminiculum

211 1352 317 1375 forsitan
335 1351 458 1375 adhibere.
494 1351 535 1374 Ad
551 1351 602 1380 hec,
618 1351 719 1381 negocia
736 1351 892 1375 dilectissimi
912 1351 961 1375 mei
977 1352 1092 1382 Magistri
1105 1352 1228 1376 Johaunis
1246 1353 1277 1377 de

211 1385 345 1414 Bruetone,
363 1384 524 1408 Presencium
543 1384 679 1414 portitoris,
697 1392 742 1415 per
758 1384 842 1414 ipsum
864 1386 946 1408 vestre
967 1384 1101 1408 Sanctitati
1119 1385 1217 1415 plenius
1235 1394 1277 1409 ex-

212 1417 334 1448 ponenda,
345 1419 470 1447 quatenus
479 1416 537 1440 licet
550 1419 576 1440 et
588 1417 659 1440 decet
668 1418 750 1440 vestre
763 1417 904 1446 Sanctitati,
915 1417 981 1440 sicut
992 1417 1091 1448 propria
1102 1419 1276 1442 recommendo

212 1458 270 1474 cum
293 1449 450 1480 subjeccione
473 1449 566 1477 debita,
591 1450 694 1472 credens
720 1449 788 1480 quod
808 1449 955 1480 hujusmodi
977 1451 1189 1474 recommendacio
1207 1451 1277 1476 vobis

210 1483 347 1513 dampnosa
358 1490 409 1506 non
421 1482 476 1510 erit,
489 1484 528 1505 set
539 1482 625 1512 pocius
636 1482 772 1505 fructuosa.
808 1482 849 1510 Et,
862 1482 921 1513 quia
933 1483 1016 1506 dictus
1025 1483 1144 1514 Magister
1156 1484 1277 1508 Ricardus

210 1516 242 1539 de
254 1515 417 1546 Plympstoke
436 1516 474 1538 est
489 1515 515 1538 in
527 1514 625 1545 Anglia,
638 1515 669 1538 de
681 1515 847 1538 submissione
860 1523 936 1545 quam
948 1515 1018 1539 vobis
1030 1515 1088 1539 hinc
1099 1516 1158 1540 inde
1170 1516 1276 1541 fecimus

211 1548 289 1572 nichil
306 1549 411 1578 tangens
429 1548 461 1571 ad
482 1547 584 1571 Curiam
602 1555 632 1570 ex
655 1547 701 1571 hae
721 1555 795 1571 causa
812 1547 913 1571 mittere
932 1556 983 1571 non
1003 1556 1121 1579 propono,
1145 1557 1276 1580 quousque

212 1589 286 1612 super
297 1580 344 1604 hoc
356 1580 425 1604 aliud
436 1588 451 1603 a
462 1582 545 1603 vestra
562 1580 661 1603 Domin·
657 1580 741 1603 1010110
756 1588 870 1611 recepero
884 1581 911 1604 in
923 1581 1055 1605 mandatis
1058 1582 1202 1606 —Pessima
1213 1585 1275 1606 sunt

211 1615 325 1644 tempora
341 1613 368 1636 in
383 1612 475 1643 Anglia
491 1612 540 1636 hiis
555 1612 653 1642 diebus,
665 1615 692 1636 et
706 1613 783 1636 multi
798 1613 890 1637 timent
906 1613 1029 1637 deteriora
1045 1614 1071 1637 in
1086 1614 1188 1644 futuris,
1200 1617 1277 1646 prout

209 1646 255 1670 hec
267 1648 293 1669 et
306 1646 354 1669 alia
364 1653 429 1669 nova
440 1645 556 1669 seriosius
569 1645 649 1669 dicere
662 1645 754 1676 poterit
765 1646 830 1669 lator
842 1654 948 1676 presens.
953 1647 1023 1670 —De
1032 1647 1166 1677 preteritis,
1177 1650 1272 1676 autem,

209 1678 335 1703 beneficiis
355 1686 399 1709 per
418 1686 462 1702 vos
484 1678 577 1702 habitis
594 1680 620 1701 et
638 1678 732 1702 futuris
755 1679 867 1709 speratis,
885 1679 944 1709 quia
961 1687 1005 1710 ego
1020 1687 1071 1703 non
1087 1680 1189 1710 sufficio,
1207 1681 1277 1704 vobis

208 1719 286 1742 queso
297 1711 422 1734 retribuat
433 1711 557 1734 bonorum
566 1711 680 1734 omnium
692 1711 821 1742 largifluus
833 1711 981 1735 Retributor
988 1720 994 1742 ;
1010 1714 1112 1742 paratus
1124 1720 1169 1743 pro
1181 1713 1276 1737 viribus

210 1744 242 1768 ad
251 1746 334 1768 vestra
344 1743 500 1774 beneplacita
512 1744 767 1774 prosequenda—Ad
784 1744 905 1767 honorem
923 1744 1032 1768 Ecclesie
1049 1747 1159 1769 vestram
1178 1746 1274 1770 Sancti-

209 1779 290 1801 tatem
302 1778 429 1801 conservet
439 1776 586 1800 Altissimus
597 1784 642 1807 per
653 1778 766 1807 tempora
777 1784 894 1808 prospera
903 1778 929 1801 et
940 1777 1035 1808 prolixa
1042 1777 1121 1802 !-f01.
1136 1779 1157 1802 4.

245 1855 329 1880 111ιοοά
341 1855 433 1880 directa
444 1855 569 1886 Proposito
580 1858 601 1879 ct
614 1855 728 1886 Oapitulo
739 1856 768 1880 cle
781 1856 900 1887 Glasncya
909 1865 950 1880 :-—

180 1889 376 1917 Venerabilibus,
392 1891 447 1918 etc.,
465 1888 595 1919 Preposito
611 1891 637 1912 et
654 1889 771 1919 Oapitulo
789 1889 897 1912 Ecclesie
922 1889 994 1913 Beati
1009 1889 1104 1913 Thome
1120 1890 1230 1915 Martiris
1244 1891 1276 1915 de

213 1922 344 1953 Glasneya,
360 1921 494 1949 Walterus,
516 1923 572 1951 etc.,
593 1921 696 1945 Electus
713 1921 883 1949 confirmatus,
901 1922 1016 1951 salutem,
1036 1923 1189 1947 ete—Licet
1208 1924 1275 1948 inter

211 1962 263 1984 vos,
276 1962 307 1978 ex
318 1956 389 1985 parte
400 1962 458 1983 una,
471 1956 497 1977 et
509 1954 662 1977 Executores
679 1954 834 1978 Testamenti
851 1955 952 1978 discreti
967 1955 1014 1978 viri
1032 1956 1159 1986 quondam
1171 1956 1275 1980 Domini

212 1973 332 2011 Wss'lelmi
351 1987 382 2010 de
404 1987 544 2017 Bodmgan,
565 1986 732 2010 Archdiaconi
755 1987 888 2016 Comubie,
906 1987 1027 2017 defuncti,
1046 1996 1076 2012 ex
1095 1988 1179 2018 altera,
1200 1997 1276 2020 super

212 2020 332 2050 proximis
350 2019 476 2043 fructibus
493 2019 700 2049 autumpnalibus
718 2019 826 2042 Ecclesie
844 2020 930 2043 Sancti
948 2020 1040 2044 (ἔοι-0111
1059 2024 1143 2045 nostre
1160 2022 1275 2046 Declara-

214 2052 279 2076 cioni
294 2060 339 2076 sen
352 2052 511 2076 Ordinacioni
528 2052 652 2075 duxe1itis
670 2052 881 2082 submittendum,
894 2052 1048 2090 hujusmodi,
1061 2056 1155 2084 t-unen,
1170 2054 1274 2078 Ordina-

213 2085 309 2109 cionem
332 2092 376 2108 seu
394 2084 593 2108 Declaracionem
611 2084 711 2107 finalem
734 2085 814 2108 facere
834 2092 884 2108 non
904 2086 1053 2114 curavimuS,
1073 2086 1132 2117 ipsis
1156 2087 1275 2111 Partibus

211 2118 323 2141 totaliter
332 2117 453 2141 inauditis
465 2125 470 2145 3
483 2117 599 2145 vidimuS,
607 2119 699 2146 tamen,
710 2117 734 2140 in
744 2117 896 2147 quibusdam
907 2118 1004 2147 Literis,
1014 2119 1092 2149 ipsius
1102 2119 1276 2143 Archidiaconi

211 2150 299 2181 sigillo,
313 2152 343 2175 ut
354 2150 435 2181 prima
453 2150 514 2174 facie
526 2150 665 2179 videbatur,
679 2150 837 2181 consignatis,
850 2151 919 2181 quod
936 2151 1022 2175 eadem
1041 2152 1150 2176 Ecclesia
1161 2153 1274 2184 predicto
