1328 2295
85 142 156 179 370

265 152 343 178 THE
370 153 554 180 REGISTER
581 153 628 180 OF
654 153 793 195 B-ISHQP
821 153 1045 180 STAPELDON.

176 230 316 258 perpetuus,
329 236 355 253 ac
367 230 484 253 Dominus
495 230 639 259 Stephanus,
652 230 770 258 Vicarius,
783 230 939 259 personaliter
953 237 1031 253 coram
1042 231 1119 260 nobis,
1132 231 1246 259 Waltero,

178 257 296 288 Episcopo
307 260 422 288 predicto,
436 260 461 282 in
475 259 588 288 Capitulo
599 260 702 282 Ecclesie
713 262 792 282 nostre
804 260 944 282 Exonicnsis
960 261 1074 289 predicte,
1087 261 1124 283 die
1136 261 1248 283 Mercurii

178 289 288 315 proxima
308 290 364 318 post
385 290 484 312 Festum
503 289 584 312 Sancti
606 289 712 317 Hillarii,
734 290 804 311 Anno
822 290 919 312 Domini
940 290 1065 312 Millesimo
1086 290 1247 313 tricentesimo

178 319 356 343 quintodecimo
373 319 412 348 [14
429 319 494 346 Jan.,
516 318 631 347 1315-16],
652 320 821 348 comparentes,
840 321 868 341 ut
889 319 971 341 licium
992 321 1120 342 amfractus
1142 320 1248 342 volentes

179 355 252 377 super
262 348 458 371 subdetraccione
470 348 533 370 dicte
549 348 677 377 pensionis,
691 351 714 371 et
725 349 809 370 ceteris
821 349 974 377 porcionibus
985 349 1015 371 ad
1026 349 1115 372 dictam
1126 350 1247 372 Vieariam

180 378 359 407 spectantibus余
375 384 474 406 necnon,
487 378 552 400 onmi
560 378 614 406 jure
626 379 649 400 et
660 379 807 406 possessione
821 378 913 400 dictum
929 379 1052 407 negocium
1064 386 1161 408 quoquo
1176 380 1247 401 modo

180 408 335 437 tangentibus
346 408 371 430 111
377 407 422 429 hac
432 409 508 436 parte,
519 409 598 429 nostre
609 414 652 435 per
662 407 741 429 onmia
749 407 901 430 Ordinacioni
909 407 957 430 alte
966 410 990 430 et
1000 408 1068 430 basse
1077 409 1248 437 submiserunt余

180 439 205 460 et
215 444 324 466 expresse
336 438 502 459 concesserunt
513 436 578 465 quod
588 436 675 458 dictam
689 436 871 459 Ordinacionem
881 439 995 466 nostram,
1008 439 1032 460 in
1044 438 1138 467 scriptis
1149 438 1187 460 vel
1197 439 1247 460 sine

181 467 284 496 scriptis,
300 473 344 495 pro
361 468 441 488 nostre
458 466 589 488 voluntatis
607 466 706 488 arbitrio
724 466 827 495 proferre
844 473 976 495 possemuS,
996 467 1107 489 omnibus
1125 467 1210 490 litibus
1226 469 1249 490 et

182 496 334 519 Processibus
345 495 507 518 Judicialibus
519 502 590 524 super
600 495 645 517 1100
657 495 723 524 prins
735 495 824 518 habitis
835 498 859 518 et
879 496 1091 525 Appellacionibus
1102 497 1250 526 interpositis

183 528 207 549 et
227 525 406 555 interponendis
426 525 591 547 renunciantes
613 526 717 553 0111111110,
749 526 773 547 et
794 525 963 554 promittentes
984 526 1046 548 bona
1066 526 1113 548 fide
1133 533 1158 549 se
1183 527 1250 548 nullo

182 562 290 585 unquam
300 556 407 583 tempore
423 556 505 577 contra
520 554 609 576 dictam
621 554 802 576 Ordinacionem
815 556 935 583 venturos,
948 557 985 578 set
996 562 1020 577 se
1032 556 1091 578 velle
1103 556 1127 578 in
1139 556 1250 578 omnibus

183 586 347 613 obtemperare
358 586 381 606 et
393 591 474 613 parere
490 584 574 606 eidem.
608 584 678 606 Unde
688 591 739 611 nos,
759 601 764 606 .
783 601 789 607 .
807 601 812 606 .
832 584 936 607 admissa
951 585 1108 607 submissione
1122 586 1250 612 antedicta,

183 614 342 643 Pareiumque
353 614 543 642 supradictarum
552 613 687 635 racionibus
695 615 718 636 et
727 613 830 642 juribus,
842 620 920 636 coram
929 615 997 636 nobis
1006 615 1140 644 propositis,
1160 615 1250 637 auditis

183 646 207 667 et
227 644 322 673 plenius
344 643 465 671 discussis,
493 644 583 665 virtute
604 643 770 665 submissionis
795 643 908 672 predicte,
931 644 1041 666 invocato
1067 644 1112 666 Dei
1138 645 1248 672 Nomine,

183 674 321 696 ordinamus
341 673 414 702 quod,
428 672 539 694 omnibus
560 673 613 694 aliis
640 673 847 700 Ordinacionibns,
870 674 976 701 presenti
997 674 1150 696 Ordinacioni
1170 675 1250 696 nostre

184 703 316 730 contrariis,
336 703 465 730 evacuatis,
486 702 612 724 Ordinacio
630 702 687 724 olim
708 704 814 731 tempore
830 703 947 725 dohanuis
965 703 1024 725 dicti
1041 703 1110 732 Lupi,
1132 704 1253 732 quondam

186 733 273 756 Vicarii
284 732 347 755 dicte
358 732 460 754 Ecclesie
480 732 508 753 de
520 732 649 760 Sydebery,
662 732 732 760 rat-ta,
745 739 799 754 cum
811 732 974 754 Ordinacionis
991 732 1075 755 effectu
1087 733 1185 755 inferius
1197 740 1251 755 eum

184 762 344 785 moderamine
370 761 530 790 infrascripta,
559 761 682 790 perpetuis
709 761 858 790 temporibus
881 762 954 784 robur
980 762 1087 785 obtineat
1114 763 1249 788 firmitatis:

183 792 302 819 videlicet,
331 791 396 820 quod
414 791 525 813 Viearins
542 791 604 813 dicte
622 791 724 813 Ecclesie
743 791 772 813 de
790 791 911 819 Sydebery
928 792 969 820 qui
988 798 1031 820 pro
1051 793 1158 820 tempore
1179 792 1251 814 fuerit

184 822 271 844 habeat
290 821 373 843 domos
391 822 415 842 et
432 822 496 842 ortos
513 827 572 849 quos
591 822 615 842 et
633 827 692 849 quas
704 820 803 848 Alanus,
816 820 966 848 predecessor
982 821 1039 843 dicti
1050 821 1168 844 Johannis
1180 822 1250 850 Lupi,

184 851 277 879 habuit,
291 857 345 872 cum
352 851 405 872 tota
415 851 478 872 terra
489 852 512 872 et
524 851 592 878 prato
603 850 649 871 sub
660 850 752 878 viaque
763 856 787 872 se
797 850 904 872 extendit
916 850 945 872 ad
952 851 1072 879 grangiam
1080 851 1108 873 de
1118 851 1152 873 Bo
1171 851 1252 879 eclive,

184 887 266 903 versus
279 879 424 908 Cotteforde,
437 886 480 908 per
495 881 570 901 metas
587 879 649 901 dicte
666 881 728 901 terre
739 886 815 908 usque
834 879 864 901 ad
882 886 968 908 aquam
980 887 1025 909 que
1037 882 1135 902 vocatur
1146 880 1215 909 Syde,
1229 882 1253 903 et

185 909 348 932 descendendo
364 916 406 938 per
422 909 520 931 eandem
537 916 623 938 aquam
642 916 717 937 usque
736 909 766 931 ad
784 909 903 938 quendam
920 909 1025 931 rivulum
1044 910 1224 932 descendentem
1240 917 1254 932 a

185 940 294 969 predicta
310 939 407 967 grangia
424 939 449 960 in
466 945 552 967 aquam
569 938 717 967 predictam余
734 945 782 960 nna
799 945 853 960 cum
871 939 982 961 omnibus
1000 939 1131 961 minoribus
1148 939 1252 968 decimis,

186 969 360 995 oblacionibus,
372 970 396 990 et
406 968 496 990 Altaris
508 968 701 996 obvencionibus,
714 968 742 989 de
754 968 883 996 Sydebery,
902 969 952 990 sine
967 968 1136 997 diminucione,
1149 969 1254 998 exceptis

185 999 247 1021 fabis
265 999 289 1021 et
307 998 366 1027 pisis
385 1005 431 1026 que
448 999 556 1019 crescunt
576 997 600 1019 111
618 997 686 1019 novis
698 998 780 1020 croftis
793 999 816 1019 et
827 998 894 1019 novis
906 998 972 1026 ortis,
985 999 1009 1020 et
1020 999 1044 1020 111
1055 1000 1118 1020 terra
1129 999 1251 1021 forinseca.

185 1029 223 1056 Et,
237 1035 266 1050 ne
277 1034 349 1056 super
359 1027 411 1055 hoc,
424 1034 537 1056 processu
554 1027 676 1056 temporis,
693 1028 784 1049 causari
801 1027 889 1055 poterit
905 1028 1056 1056 ambiguitas,
1070 1035 1111 1056 per
1121 1030 1254 1057 presentem

185 1057 366 1080 Ordinacionem
383 1057 530 1079 declaramus
542 1057 606 1085 quod
622 1056 651 1078 de
667 1056 714 1078 illis
732 1057 813 1079 croftis
825 1058 848 1078 et
860 1057 918 1079 ortis
929 1057 1030 1086 intelligi
1041 1058 1138 1080 debebit
1148 1058 1190 1086 qui
1202 1059 1256 1086 post

184 1087 316 1117 predictam
336 1086 524 1114 Ordinacionein,
544 1088 652 1114 tempore
671 1086 729 1108 dieti
748 1086 866 1108 dohannis
888 1087 950 1115 Lupi
972 1087 1066 1115 factam,
1086 1087 1116 1109 ad
1134 1087 1253 1109 culturam

184 1117 294 1139 fabarum
311 1117 335 1138 et
351 1116 457 1145 pisarum
476 1118 533 1138 sunt
550 1116 647 1143 redacti,
661 1117 684 1137 et
700 1123 760 1144 quos
777 1116 806 1138 ad
823 1115 847 1137 id
864 1116 938 1144 redigi
955 1117 1080 1145 contigerit
1096 1117 1121 1138 in
1136 1118 1252 1139 futurum.

184 1146 329 1173 Preterhec,
343 1152 435 1168 omnem
453 1145 568 1167 decimam
581 1145 629 1167 feni
648 1146 725 1167 tocius
743 1145 870 1173 Parochie余
888 1146 1029 1168 omnimodis
1046 1146 1143 1168 decimis
1156 1146 1255 1168 Manerii

184 1176 214 1198 de
225 1176 348 1204 Sydebery
360 1175 554 1204 provenientibus
567 1175 660 1196 Decano
672 1176 695 1197 et
708 1175 827 1203 Cupitulo,
849 1177 891 1197 aut
903 1175 1018 1197 Firmario
1031 1176 1094 1204 Loci,
1105 1178 1134 1198 ut
1147 1176 1252 1198 Hectori-

184 1206 237 1234 bus,
257 1206 346 1234 integre
365 1205 549 1226 remanentibus.
583 1204 613 1226 Et
634 1204 695 1226 idem
716 1205 825 1226 Vicarius
842 1205 963 1233 reparabit
980 1212 1061 1227 omues
1082 1206 1189 1228 defectus
1205 1207 1255 1228 tam

185 1235 289 1257 Cancelli
310 1241 381 1263 quam
404 1234 602 1256 Ornamentorum
625 1241 830 1263 quoruincuim1ue
854 1235 884 1256 ad
911 1235 1035 1256 Rectorem
1061 1236 1202 1264 spectantes,
1231 1237 1255 1257 et

185 1264 284 1287 habebit
302 1264 443 1286 meremium
461 1263 578 1285 sufficiens
595 1263 624 1285 de
645 1264 714 1285 bosco
734 1264 822 1286 Decani
840 1266 863 1286 et
881 1264 995 1292 Capituli,
1008 1264 1105 1292 ibidem,
1119 1271 1162 1293 pro
1180 1265 1256 1293 prima

185 1294 336 1323 reparacione
348 1293 407 1315 dicti
418 1293 530 1321 Cancelli,
539 1293 715 1315 saciendainfra
725 1293 848 1316 biennium
858 1301 864 1322 余
887 1295 911 1315 et
918 1295 1005 1316 extunc
1016 1294 1066 1322 ipse
1075 1296 1099 1316 et
1110 1301 1255 1316 successores

186 1325 231 1351 sui,
250 1323 300 1345 suis
311 1323 464 1351 sumptubus,
483 1323 659 1351 inperpetuum,
673 1325 799 1351 agnoscent
816 1324 840 1345 111
854 1323 957 1345 solidum
968 1324 1047 1345 omnia
1058 1330 1128 1346 onera
1140 1324 1257 1346 ordinaria

187 1353 283 1375 Rectori
298 1355 340 1375 aut
356 1353 451 1374 Vicario
473 1352 644 1380 incumbencia,
668 1354 700 1379 et,
720 1353 800 1380 eciam,
824 1352 1011 1375 extraordinaria
1032 1353 1112 1381 ipsum
1131 1353 1253 1375 Viearium

188 1383 319 1405 secundum
331 1382 382 1410 ejus
393 1382 550 1404 Taxaeionem
562 1382 731 1410 contingencia.
775 1382 805 1404 Et
817 1383 841 1404 111
857 1383 1102 1411 recompensacionem
1117 1382 1256 1411 hujusmodi

188 1412 264 1435 oneris
276 1412 375 1434 habebit
386 1412 547 1433 remissionem
560 1411 666 1433 omnium
681 1412 851 1440 arreragiornm
869 1412 1022 1440 antiquorum
1035 1413 1155 1441 pensionis
1167 1412 1254 1440 debite,

188 1448 234 1471 que
253 1448 277 1464 se
294 1441 403 1463 extendit
424 1441 454 1463 ad
472 1441 598 1462 duodecim
616 1441 697 1468 libras,
710 1443 789 1470 preter
808 1442 866 1463 duas
886 1448 983 1469 nmrcas,
1005 1448 1064 1470 quas
1081 1442 1163 1464 statim
1181 1442 1256 1464 solvet

187 1472 283 1495 Decano
299 1472 323 1493 et
335 1470 447 1499 Capitulo
464 1470 585 1499 predictis,
604 1470 628 1492 in
646 1471 767 1493 Scaccario
786 1471 883 1493 Exonie.
917 1471 986 1499 Item,
1006 1471 1078 1493 habet
1095 1471 1256 1493 remissionem

189 1501 260 1523 nnius
271 1507 348 1523 marce
360 1506 437 1522 annue
449 1500 478 1522 de
489 1500 588 1528 antiqua
604 1500 716 1528 pensione
727 1500 884 1529 quadraginta
899 1500 1038 1528 solidorum,
1052 1501 1085 1523 ita
1097 1501 1161 1529 quod
1173 1501 1257 1523 amodo

188 1530 295 1560 portabit
312 1531 336 1552 et
354 1529 431 1552 solvet
447 1529 542 1551 Decano
557 1530 581 1551 et
597 1530 709 1558 Capitulo
726 1530 846 1558 predictis,
860 1530 885 1552 in
903 1530 1023 1552 Scaccario
1039 1531 1147 1559 ipsorum
1159 1530 1255 1558 Exonie,

189 1560 249 1582 duas
264 1566 362 1587 marcas,
382 1559 513 1586 annuatim,
536 1559 567 1581 ad
582 1559 642 1588 iiij01
662 1560 716 1581 anni
732 1560 846 1581 terminos
867 1560 1016 1588 principales.
1050 1560 1088 1588 Et,
1112 1567 1141 1582 ne
1162 1566 1256 1588 presens

190 1589 316 1612 Ordinacio
327 1589 408 1611 debito
422 1588 552 1610 frustretur
566 1588 658 1615 effectu,
672 1589 790 1617 predictas
803 1590 883 1611 Partes
900 1589 930 1611 ad
941 1589 1131 1611 observacionem
1142 1589 1255 1617 ejusdem,

189 1619 333 1641 auctoritate
340 1618 466 1645 ordinario,
480 1618 655 1640 sentencialiter
665 1618 873 1647 condempnamus.
882 1619 936 1640 In
948 1619 1016 1647 cnjus
1027 1619 1067 1647 rei,
1081 1621 1117 1641 etc
1123 1619 1254 1647 .-Datum

191 1650 235 1671 etc.
250 1648 538 1677 (utsupra).-A7ch1'res
550 1648 578 1676 [gf
591 1648 628 1670 tlte
640 1648 673 1672 D.
685 1648 736 1670 (111旅畚
749 1648 783 1676 6.,
798 1648 843 1671 No.
858 1648 924 1677 3625,
932 1648 980 1677 fol.
994 1648 1043 1671 102.

104 1687 295 1730 Sydebyry
325 1687 434 1728 Roger
465 1686 513 1723 de,
544 1696 591 1718 see
618 1686 809 1729 Winkleigh
842 1686 980 1727 (Inst.)余
1020 1688 1081 1718 41:
1120 1687 1196 1718 inst.
1228 1689 1262 1718 to

190 1731 389 1768 Heavitree3
413 1729 478 1768 47孫続,
496 1729 560 1767 521続,
579 1729 664 1761 1841&

103 1782 310 1825 Sydemuwe,
340 1781 430 1813 John
461 1781 509 1818 de,
540 1781 760 1813 Priest-Vicar
791 1782 825 1813 of
858 1782 1034 1819 Credit0n余
1073 1781 1149 1820 67孫続3
1187 1783 1262 1815 inst.

192 1828 227 1858 to
243 1825 519 1867 Olannaborough
533 1837 540 1864 3
565 1825 737 1857 lenSee
748 1825 941 1868 Oonsistory
958 1825 1061 1858 Court
1073 1838 1081 1865 3
1106 1825 1175 1859 172.

104 1877 269 1909 Silverton
288 1876 700 1918 [Sylfeltone(mem-qim)
719 1877 976 1919 Sylfertone]

171 1921 253 1952 Roger
264 1921 296 1944 de
308 1921 399 1944 Sancto
412 1920 585 1950 Constantine,
600 1921 774 1950 R.Licence
791 1922 817 1944 of
834 1922 1029 1951 non-residence,
1041 1921 1081 1945 for
1097 1929 1111 1945 a
1128 1929 1187 1953 year
1198 1921 1262 1945 from

205 1953 374 1983 Miclmelmas,
404 1953 418 1964 孫
428 1955 454 1976 et
469 1953 617 1976 intendendi
639 1953 764 1984 obsequiis
788 1954 872 1984 Regiis
919 1954 959 1984 (18
984 1953 1060 1985 Sept,
1085 1954 1158 1983 1309)
1172 1962 1178 1983 余
1207 1952 1261 1978 431続:

204 1986 284 2017 again,
328 1986 360 2009 ad
376 1985 526 2009 instanciam
539 1986 652 2015 Magistri
661 1986 758 2009 Ricardi
770 1986 800 2010 de
813 1987 961 2017 Abyndone,
975 1987 1077 2010 Bar-onis
1095 1987 1125 2010 de
1138 1987 1261 2011 Scaccario

204 2019 308 2042 Domini
322 2018 419 2048 Regis,
437 2018 476 2042 for
487 2026 501 2041 a
512 2026 571 2049 year
582 2018 647 2041 from
660 2019 819 2042 Michaelmas
833 2020 857 2049 (2
870 2020 943 2050 Aug
957 2020 1029 2049 1318)
1069 2018 1137 2043 128b.

107 2059 250 2098 Simone,
265 2059 424 2096 william,
439 2057 643 2100 fislmwnyer
656 2071 662 2098 余
686 2059 712 2090 L
730 2059 818 2090 201孫).

106 2112 252 2150 Skeston,
268 2111 365 2144 Peter
381 2111 430 2151 de,
446 2111 483 2142 R.
501 2110 536 2143 of
553 2111 599 2144 St.
618 2111 987 2155 Stephens-by-Saltash
1002 2124 1009 2152 余
1033 2111 1099 2150 45孫続,
1117 2111 1205 2145 110'2.
