1328 2295
100 166 171 199 444
299 176 377 206 THE
395 177 580 204 REGISTER
597 178 644 204 OF
663 178 804 203 BISHOP
822 177 1054 204 STAPELDON.

99 250 157 271 A.D.
189 252 285 282 tempus
296 253 321 276 id
332 255 467 283 permiserit
474 256 497 278 et
509 256 585 278 vestre
593 255 734 278 Celsitudini
745 254 986 284 placuerit—utinam
997 253 1096 282 pacifico
1107 254 1131 275 et
1140 252 1238 281 pacifice
1248 251 1254 275 !

102 276 178 297 ¹³²¹·‘2-
189 282 243 304 —in
254 283 306 305 loco
317 286 462 313 competenti
474 287 570 314 propter
581 285 624 307 bec
634 286 659 307 et
675 285 721 307 alia
732 284 888 307 convocando.
923 284 960 312 Et,
974 284 995 305 si
1005 283 1186 305 discrecioribus
1197 283 1221 304 et
1231 281 1257 304 in

189 311 292 340 Legibus
304 314 389 343 Anglie
400 315 475 343 magis
491 315 594 343 expertis
610 314 738 343 expediens
749 314 867 341 videatur,
880 320 922 342 per
933 313 1085 335 securitatem
1095 312 1212 341 ydoneam
1223 311 1252 345 de

188 342 274 364 stando
284 344 348 366 recto
359 344 384 366 in
395 345 504 373 proximo
512 344 678 371 Parliamento,
690 344 754 366 dicta
764 343 928 366 Consirleracio
940 343 1040 365 forsitan
1050 342 1154 364 revocari
1165 342 1254 370 potent

188 370 284 394 interim
303 373 339 395 vel
357 374 486 402 suspendu
503 374 566 401 licet,
580 374 650 401 enim,
669 373 833 396 Consideracio
851 373 958 401 predicta
973 379 1016 401 per
1031 371 1177 400 injusticiam
1193 371 1255 392 facta

189 400 263 423 fuerit
274 403 298 424 et
309 409 418 431 errorem,
432 410 479 425 uon
490 405 569 425 tamen
585 403 680 425 videtur
693 403 820 430 expediens
831 402 897 431 quod
907 402 1030 430 injusticia
1040 408 1082 424 seu
1093 408 1157 423 error
1167 400 1253 429 aliquis

188 429 331 454 interveniat
342 433 366 454 iu
377 433 527 455 revocacione
536 433 610 462 ipsius
626 432 808 461 quomodolibet
818 431 1139 454 facienda.—Ce]situdinem
1151 431 1254 452 vestram

188 463 313 512 lemilser'vet
333 462 474 485 Altissimus
491 469 533 491 per
551 464 659 491 tempora
676 468 787 491 prospere
805 461 909 483 valitura
919 461 1046 484 !—Datum
1064 460 1130 490 apud
1147 459 1257 483 Chudde-

198 495 226 518 eg
244 496 255 512 e
265 491 270 499 '
294 491 332 520 [20
345 491 420 521 Feb.].

220 581 268 604 The
271 583 401 613 following]
411 585 543 607 Doczcment
554 585 632 614 [temp.
647 585 700 607 Rz'c.
715 584 763 613 IL]
780 585 801 606 is
811 583 891 607 bound
904 591 935 613 lep
946 583 1003 606 wim
1015 583 1052 606 the
1068 582 1148 610 Wrds,
1161 581 1257 604 between

247 612 320 638 folios
330 613 374 636 212
384 614 436 636 (md
446 614 530 642 213,—

162 639 213 662 ch
223 640 317 665 dilectis
329 643 375 665 sibi
391 644 415 665 in
427 644 530 672 Christo,
547 644 621 666 Priori
632 645 656 667 et
668 644 792 666 Canonicis
804 643 906 666 Ecclesie
917 643 999 665 Sancti
1009 641 1120 665 Germani
1131 642 1156 664 in
1167 641 1256 664 Cornu-

191 669 237 698 bia,
260 672 560 701 salutem—compertum
580 674 627 696 fuit
653 680 730 702 nuper
755 680 797 702 per
822 672 942 702 quandam
968 672 1152 701 Inquisicionem
1179 677 1256 693 coram

193 699 303 724 Johanne
320 702 438 731 Skyrbek,
458 704 583 726 Escaetore
600 704 696 725 Domini
717 703 827 725 Edwardi
845 702 913 732 [111],
930 709 1007 731 nuper
1022 702 1093 730 Regis
1111 701 1202 730 Anglie,
1221 700 1259 722 avi

192 731 275 763 nostri,
301 732 371 754 Anno
394 733 469 761 Regni
490 733 527 755 sui
549 733 669 755 tricesimo
694 733 797 755 secundo
824 732 935 761 (135s·9),
962 732 990 754 de
1014 731 1128 753 Mandata
1152 730 1258 759 ejusdem

192 765 230 781 avl
246 761 322 783 nostri
342 763 444 790 captam,
468 764 491 784 et
517 763 541 784 in
563 763 732 785 Cancellariam
753 769 820 785 suam
841 763 994 789 retornatam,
1013 760 1078 790 quod
1093 759 1258 793 quidamlRex

192 788 285 817 Anglie.
303 792 398 814 nomine
415 792 507 820 Knout,
535 792 602 814 dedit
625 792 675 814 Deo
700 793 723 814 et
744 792 847 814 Ecclesie
869 792 949 814 Sancti
977 790 1095 818 Germani,
1119 791 1143 812 et
1168 789 1256 811 ibidem

192 818 243 840 Deo
259 821 425 847 servientibus,
437 826 512 844 terras
528 824 552 844 et
567 823 701 844 teuementa
718 822 742 843 in
755 821 823 843 Brevi
839 821 914 850 ipsius
931 821 968 843 avi
984 820 1060 842 nostri
1075 820 1193 842 contenta.
1226 819 1257 852 Et

190 848 249 870 tunc
259 849 307 872 fuit
323 850 412 872 ibidem
424 851 494 873 Sedes
506 852 654 880 Episcopalis
666 851 791 878 Cornuhie,
804 852 899 874 nomine
910 849 1094 877 Brithewoldus,
1108 856 1135 871 ac
1146 849 1258 871 Canonici

192 876 320 902 Seculares.
364 880 474 909 Demum,
493 883 605 909 regnante
627 881 688 909 Rege
710 881 824 910 predicto,
847 881 945 910 quidam
967 881 1103 908 Lyvyngus,
1127 879 1258 907 Episcopus

193 907 339 937 Cryffltonie,
353 910 460 938 optinuit
470 911 643 939 Episcopatum
655 910 781 938 Cornubie,
794 912 849 939 post
865 912 966 933 mortem
979 909 1081 938 predicti
1093 907 1256 936 Brithewoldi,

190 938 233 964 qui
249 938 351 961 ultimus
367 940 415 961 fuit
431 940 550 962 Cornubie
567 941 706 969 Episcopus,
724 940 787 962 uniri
804 947 859 962 cum
871 940 1018 969 Episcopatu
1030 938 1175 971 Cryditonie.
1204 937 1255 971 *Cui

193 966 309 996 Lyvyngo
325 970 439 991 successit
451 970 580 997 Leofricus,
599 970 641 999 qui
660 969 766 998 optinuit
784 970 837 991 illos
855 970 915 992 duos
934 969 1100 998 Episcopatus,
1117 974 1150 989 sic
1168 968 1256 995 unitos,

193 1002 267 1025 usque
284 999 381 1027 tenipus
398 999 466 1021 Beati
484 999 601 1027 Edwardi,
616 1000 686 1028 Regis
703 1002 727 1021 et
745 999 898 1021 Confessoris.
932 999 985 1026 Qui,
999 998 1103 1026 quidem,
1117 996 1255 1025 Edwardus‚

191 1025 220 1047 de
237 1030 348 1056 precepto
365 1029 389 1050 et
407 1035 505 1051 assensu
521 1029 584 1058 Pape
601 1029 693 1056 Leonis,
707 1029 832 1051 transtulit
847 1029 931 1051 Sedem
944 1027 1082 1056 Cryslitonie
1092 1027 1117 1049 iu
1129 1027 1255 1049 Civitatem

190 1055 289 1079 Exonie.
332 1058 370 1085 Et,
398 1060 488 1086 postea,
518 1058 581 1080 idem
609 1059 729 1080 Leofricus
756 1059 888 1087 Episcopus
916 1058 1025 1080 fundavit
1051 1056 1116 1085 apud
1142 1056 1256 1078 Sanctum

192 1085 336 1108 Germanum
346 1087 480 1110 Prioratum
490 1088 662 1110 Canonicorum
672 1088 832 1116 Regularium,
843 1088 967 1110 Canonicis
976 1086 1127 1110 Secularibus
1136 1086 1254 1108 ammotis.

192 1114 223 1137 Et
239 1116 304 1144 quod
322 1117 355 1139 sic
373 1120 409 1139 est
425 1118 504 1140 dictus
521 1118 643 1140 Prioratus
661 1117 690 1139 de
706 1118 848 1140 fundacione
864 1119 887 1140 et
904 1118 1033 1146 patronatu
1044 1116 1156 1144 Episcopi
1167 1115 1257 1149 Exonio

192 1145 351 1168 continuatim
370 1153 445 1175 usque
464 1147 493 1169 ad
511 1147 573 1169 diem
586 1147 753 1176 Inquisicionis
769 1147 881 1176 predicte.
916 1148 946 1169 Et
962 1147 1095 1175 Episcopus
1111 1145 1202 1167 Exonie
1217 1151 1259 1174 qiu

192 1180 235 1201 pro
253 1176 360 1204 tempore
377 1176 449 1199 suerit
465 1177 552 1199 habeat
569 1177 704 1199 vacaciones
724 1177 844 1199 Prioratus
860 1177 961 1206 predicti
980 1182 1033 1198 cum
1055 1175 1211 1203 contigerint3
1233 1175 1257 1197 et

193 1203 279 1226 habuit
290 1212 303 1227 a
314 1206 420 1234 ternpore
432 1206 500 1235 cujus
512 1207 623 1228 contrarii
634 1207 747 1228 memoria
758 1213 803 1228 non
816 1207 905 1228 existit.
939 1207 971 1228 Ac
982 1205 1089 1234 prefatus
1100 1211 1158 1226 avus
1169 1205 1254 1232 noster,

193 1234 276 1256 octavo
292 1234 331 1257 die
343 1235 459 1264 Octobris,
473 1236 537 1258 dicto
551 1243 612 1258 anno
629 1236 704 1264 Regni
715 1236 753 1258 sui
769 1236 888 1258 tricesimo
905 1236 1016 1262 secundo,
1033 1236 1139 1257 tenorem
1155 1233 1256 1263 Inquisi-

191 1263 265 1285 cionis
282 1265 388 1292 predicte
406 1272 449 1294 per
466 1266 557 1287 Literas
576 1272 630 1287 suas
647 1266 759 1287 Patentcs
775 1265 944 1294 exemplificari
959 1265 1023 1287 fecit.
1057 1264 1087 1286 Et
1097 1270 1148 1291 nos,
1162 1264 1255 1293 quinto-

191 1292 282 1315 decimo
299 1294 337 1316 die
354 1294 463 1317 Octobris
480 1295 566 1317 ultimo
581 1295 630 1324 jam
653 1296 774 1323 preterito,
795 1295 871 1317 dictas
889 1295 979 1317 Literas
997 1294 1108 1316 Patentes
1124 1293 1200 1322 ipsius
1218 1293 1257 1315 avi

190 1323 273 1350 nostri,
287 1323 317 1345 ad
336 1325 516 1353 requisicionem
531 1325 675 1347 Venerabilis
692 1325 777 1352 Patris,
791 1325 881 1346 Thome
898 1324 927 1346 (le
945 1323 1131 1352 Brantyngham‚
1145 1322 1256 1352 Episcopi

191 1351 289 1380 Exonie,
303 1360 345 1381 per
356 1354 447 1376 Literas
463 1356 556 1376 nostras
568 1354 680 1376 Patentes
692 1354 762 1376 duxit
779 1354 832 1383 (sic)
844 1353 1058 1383 exemplificandas.
1092 1353 1122 1375 Et
1133 1352 1178 1375 hoc
1189 1352 1255 1374 vobis

190 1382 272 1404 tenore
283 1382 433 1405 Presenciuni
441 1384 608 1412 significamus,
619 1386 647 1406 ut
657 1390 730 1412 super
740 1384 786 1405 hiis
798 1391 844 1412 que
852 1384 893 1412 jus
904 1384 980 1412 ipsius
989 1382 1100 1411 Episcopi
1111 1383 1254 1404 concernunt

190 1411 215 1432 in
232 1411 276 1434 hac
295 1414 361 1440 parte
378 1413 464 1435 melius
483 1415 506 1435 et
525 1413 661 1435 evidcncius
679 1414 775 1441 possitis
793 1414 922 1441 informari⁷
940 1413 970 1435 ad
987 1413 1096 1435 effectum
1113 1412 1178 1440 quod
1193 1412 1256 1434 idem

190 1440 323 1470 Episcopus
340 1443 365 1464 in
381 1443 502 1471 premissis
522 1450 562 1471 per
577 1450 618 1465 vos
629 1443 766 1465 nullatcnus
778 1443 1013 1471 injuriemu—Teste
1025 1442 1087 1470 Rege
1104 1441 1169 1470 apud
1180 1441 1256 1463 West-

190 1472 367 1500 monasterium,
379 1479 394 1494 x
406 1472 443 1494 die
453 1473 602 1500 Novembris,
615 1479 676 1494 auno
688 1473 764 1501 Regni
774 1473 849 1495 nostri
861 1472 963 1501 septimo
974 1471 1257 1502 [1383].—*Endorsed‚-

192 1500 207 1511 “
217 1500 328 1523 Germani
340 1501 364 1524 in
375 1502 518 1525 Oornubia.’¹

160 1601 209 1624 The
221 1601 343 1631 following
371 1603 584 1632 ’(Οοῃηῡοείῒὶοηῇ1
602 1604 729 1633 belonging
744 1606 769 1627 to
786 1605 830 1633 Bp.
850 1604 959 1633 Bytton’s
971 1604 1121 1633 Episcopate,
1138 1603 1181 1626 has
1196 1603 1256 1625 been

190 1631 273 1653 bound
290 1638 321 1660 up
333 1632 391 1655 with
403 1633 456 1655 Vol.
470 1634 502 1656 II.
517 1634 542 1655 of
559 1634 648 1662 Bishop
660 1634 825 1657 Graudisson's
838 1634 951 1663 Registcr,
966 1636 990 1656 at
1007 1634 1047 1656 the
1065 1633 1198 1662 beginning.
1231 1633 1255 1655 It

190 1661 297 1689 supplies
315 1662 356 1684 the
377 1669 457 1685 names
475 1664 500 1685 of
520 1663 560 1685 the
577 1664 676 1686 Rectors
698 1664 724 1685 of
743 1664 966 1692 Cheriton-Bishop,
990 1663 1187 1691 Drcwsteignton,
1210 1662 1256 1685 and

191 1691 274 1719 Upton
285 1690 370 1720 [-Pyne
382 1699 408 1714 or
419 1693 528 1715 Hcllions
538 1693 556 1723 ἲ]
573 1693 619 1715 aud
631 1693 657 1715 of
665 1693 706 1716 the
716 1694 786 1716 Vicar
798 1694 823 1715 of
832 1693 1052 1722 Bishopsteigntou,
1065 1695 1090 1715 at
1101 1693 1142 1715 the
1152 1692 1210 1715 time
1220 1692 1257 1714 for

189 1720 267 1742 which
279 1728 313 1742 we
325 1721 384 1743 have
395 1728 425 1744 no
438 1723 552 1751 Hegister.

221 1750 473 1779 Cheriton-Ba'slzoffi—

161 1780 224 1802 Aeta
242 1781 299 1802 sunt
314 1780 355 1802 hec
373 1781 397 1802 in
415 1782 501 1810 Majori
517 1782 622 1804 Ecclesia
638 1782 774 1810 Exoniensi,
792 1782 895 1805 secundo
911 1782 949 1804 die
965 1782 1075 1804 Juritlico
1091 1782 1146 1810 post
1161 1781 1257 1803 Festum

191 1810 273 1831 Sancti
281 1809 388 1838 Gregorii
398 1811 467 1839 Pape,
479 1812 548 1833 Auno
556 1812 652 1833 Domini
663 1812 790 1834 Millesimo
800 1812 968 1840 tricentesimo,
981 1819 1058 1833 coram
1066 1811 1143 1838 nobis,
1157 1810 1255 1833 officiali

191 1839 288 1861 Domini
305 1839 444 1862 Exoniensis
463 1841 582 1870 Episcopi,
602 1842 627 1863 in
644 1848 714 1863 causa
733 1849 779 1870 que
795 1843 903 1869 vertitur,
922 1848 963 1863 seu
981 1841 1041 1863 verti
1057 1842 1174 1869 speratur,
1197 1840 1257 1862 inter

191 1868 321 1890 Dominum
338 1869 453 1892 Thomam
471 1871 499 1892 de
518 1871 635 1899 Hemone,
660 1871 783 1893 Rectorem
805 1871 908 1893 Ecclesie
928 1871 957 1893 (le
977 1871 1114 1899 Churytone
1136 1869 1253 1898 Episcopi,

190 1905 232 1927 pcr
243 1898 392 1920 Willelmum
409 1899 431 1921 Ν
434 1900 565 1928 ywenImm,
580 1901 758 1922 Procuratorem
775 1908 801 1923 su
807 1908 855 1928 um,
868 1908 897 1922 ex
912 1902 979 1929 parte
995 1907 1049 1927 uua,
1063 1901 1087 1922 et
1099 1899 1253 1921 Parochianos

191 1927 298 1955 ejusdem
314 1927 425 1956 Ecclesie,
447 1936 490 1957 per
506 1930 633 1952 Ricardum
650 1930 679 1952 de
691 1931 793 1952 Gorsene
811 1932 833 1952 et
846 1930 977 1952 Robertum
994 1929 1134 1956 Ronewodc,
1148 1930 1254 1951 caventes

191 1957 236 1979 sub
245 1964 305 1985 pena
321 1957 401 1979 decem
414 1958 527 1981 librarum
541 1960 605 1988 quod
613 1960 671 1981 dicti
684 1960 822 1982 Parochiani
830 1960 990 1987 ratificabunt,
1001 1961 1025 1981 et
1036 1960 1114 1981 ratum
1125 1958 1255 1986 habebunt,

191 1987 306 2015 quicquid
318 1987 389 2008 iidem
401 1988 517 2010 Ricardus
529 1991 553 2010 et
566 1989 691 2016 Robertus,
704 1989 798 2018 penales
810 1989 944 2011 defensores
960 1988 1082 2016 antedicti,
1095 1989 1118 2010 in
1131 1995 1201 2010 causa
1212 1994 1253 2010 seu

190 2016 286 2044 negocio
304 2016 417 2045 predictis
435 2018 532 2046 egerint,
552 2019 657 2044 fecerint„
679 2026 719 2040 seu
741 2026 837 2047 quoquo
859 2019 929 2040 modo
951 2019 1001 2040 sieri
1022 2018 1207 2046 procuraverint,
1227 2023 1255 2039 ex

190 2045 264 2067 altera
280 2048 458 2074 comparentes;
476 2048 592 2075 videlicet,
608 2055 661 2070 cum
679 2050 744 2070 mota
760 2050 822 2070 essct
838 2048 961 2070 contencio
972 2055 1014 2070 seu
1026 2047 1185 2069 controversia
1195 2047 1256 2069 inter

191 2075 273 2097 Partes
284 2076 402 2103 predictas
413 2083 485 2105 snper
496 2078 647 2106 percepcione
659 2078 755 2099 secundi
769 2078 872 2100 melioris
889 2078 960 2100 averii
977 2077 1006 2099 de
1022 2077 1091 2099 bouis
1103 2076 1255 2099 Parochiano-

191 2111 244 2126 rum
261 2105 323 2127 dicte
336 2105 437 2127 Ecclesie
449 2106 617 2129 decedencium
635 2108 729 2129 nominc
752 2108 876 2129 mortuarii
895 2107 1060 2136 persolvemli;
1078 2111 1255 2138 necnou,super

189 2134 282 2159 duobus
294 2135 366 2156 cereis
377 2136 591 2164 processionalibus
603 2138 626 2160 et
638 2137 735 2162 candela
752 2137 882 2165 benedicta,
896 2144 921 2158 ac.
934 2136 1036 2159 candelis
1049 2136 1073 2158 in
1086 2135 1247 2159 Purificaciom
