1328 2295
83 144 155 182 350
272 156 347 182 THE
373 156 559 183 Rnfflsrnn
584 156 633 182 on
658 156 801 183 BISHOP
826 155 1063 184 srAPnLDon.

82 234 239 267 Seotland
251 247 257 274 ;
280 234 485 267 Documents
501 235 643 277 relating
657 238 692 267 to
708 235 765 267 the
782 234 916 273 war,—

200 278 274 300 Breve
284 278 313 300 de
323 278 414 301 decima
424 285 530 300 concessa
541 278 604 307 Regi
609 285 656 307 per
667 278 762 301 Cleo-um
774 278 959 301 &nucariensis
969 278 1098 302 Provimie
1109 285 1145 301 :—

140 315 280 344 Edwardus,
299 316 354 343 etc.,
373 315 485 342 Waltero,
503 317 558 343 etc.,
576 315 849 338 salutem—Notificato
866 316 942 344 vobis,
961 317 985 339 et
1001 317 1054 338 aliis
1072 315 1146 344 Regni
1163 313 1242 341 nostr,¹

171 345 301 373 Fidelibus,
316 345 346 367 ad
357 344 545 367 parliamentum
562 346 671 367 nostrum
684 345 749 373 apud
763 345 997 368 Westmonasteriun]
1010 346 1036 368 111
1051 345 1148 368 Octabis
1159 343 1240 367 Sanctl

171 374 269 397 Hillarii
286 375 397 403 proximo
414 375 542 402 preteritis,
565 375 668 403 qualiter
688 374 754 396 Scoti
774 375 851 396 nostri
871 375 977 403 rebelles,
997 376 1022 397 'm
1043 382 1087 397 sua
1106 375 1238 397 inveterata

187 404 317 426 ersistendo
333 404 449 432 nequicia,
472 405 528 432 post
544 405 617 426 terras
633 405 725 426 nostras
736 404 760 425 et
781 405 916 426 nostrorum
928 404 1046 427 Fidelium
1057 405 1082 427 in
1093 404 1158 427 dicta
1168 404 1240 426 Terra

169 411 251 456 {cocis
267 434 291 455 et
302 433 408 455 Marchia
419 433 525 461 ejusdem
537 434 647 461 nequiter
662 434 798 461 occupatas,
811 434 890 461 partes
911 434 970 456 dicti
980 434 1056 463 Regni
1066 434 1142 456 nostri
1153 433 1238 462 Anglie

169 462 1017 515 'bigrffed’ssffigssffisisetpffssssffieissianssssssssssfflssaffissiiiminffififfsst'
1030 470 1080 491 ‘⁷⁰3’
1093 462 1238 515 θὲεἳὲζίἷξὲἓ

171 521 275 544 Ecclesie
286 522 310 544 et
318 521 392 550 Regni
400 521 486 550 Anglie
498 523 521 543 et
532 509 667 550 rep’ulsione
681 521 800 543 dictorum
808 521 942 550 rebellium,
953 500 1240 551 dlelcieieiiaffliiroventuum

169 552 194 573 et
204 550 378 573 Beneficiorum
388 552 530 578 vestrorum,
544 558 605 573 anno
622 551 734 579 presenti,
747 550 869 573 curialiter
884 552 1040 580 concessistis,
1053 552 1118 581 quod
1133 558 1176 573 vos
1191 557 1240 573 non

171 581 314 609 ambigimus
325 587 373 602 non
384 580 465 603 latere.
498 580 597 608 Verum,
608 587 662 602 cum
674 587 746 609 super
752 579 872 602 solucione
880 581 971 603 decime
981 582 1107 609 antedicte,
1117 581 1181 603 unde
1191 587 1239 603 una

170 610 285 633 medietas
301 610 326 631 in
342 610 445 632 crastino
456 610 606 632 Invencionis
618 610 703 632 Sancte
714 609 797 632 Crucis
808 610 917 637 proximo
928 611 1042 639 preterito
1054 611 1078 640 [4
1090 610 1163 639 May]‚
1176 610 1238 632 solvi

169 640 292 667 debuerat,
304 646 347 668 per
357 639 450 661 diversa
462 639 576 661 Mandata
585 641 674 667 nostra,
687 641 737 661 tam
748 639 794 660 sub
805 639 892 668 Magno
903 647 976 669 quarn
987 640 1032 662 sub
1043 640 1139 662 Privato
1150 639 1239 668 sigillis

169 669 265 697 nostris,
288 675 330 690 vos
350 669 474 690 fecerimus
493 669 599 696 excitari,
613 670 637 691 et
656 675 698 691 vos
717 668 779 696 inde,
803 675 830 690 ac
847 669 867 690 si
888 669 917 691 de
935 671 1017 692 nostro
1028 671 1052 692 et
1069 669 1145 698 Regni
1162 669 1239 691 nostri

169 698 295 727 dispendio
312 698 433 720 modicum
451 698 573 726 curaretis,
590 698 671 727 tepide
690 697 856 720 execucionem
874 698 972 727 fecistis,
991 706 1045 721 cum
1063 699 1093 721 de
1110 698 1238 721 medietate

168 728 277 757 predicta
304 727 382 749 adhuc
408 734 494 756 magna
524 734 579 756 pars
612 729 690 750 aretro
718 728 813 754 existat,
842 727 867 749 in
894 728 1077 751 admiracionem
1102 728 1239 750 inducimur

169 758 333 780 vehementem
343 764 349 784 ;
367 757 491 785 presertim
504 764 558 779 cum
570 757 600 779 ad
611 757 656 779 hoc
666 756 788 779 fidelitatis
804 756 933 780 instinctus
944 765 991 786 quo
1003 758 1082 780 cuncti
1093 758 1169 780 incole
1180 757 1239 779 dicti

169 787 245 816 Regni
263 793 307 815 pro
326 786 462 808 defensione
473 786 579 814 ejusdem
591 787 652 808 vires
668 787 781 808 adhibere
798 787 917 815 tenentur,
929 794 971 809 vos
982 787 1113 810 reddidisse
1124 787 1239 809 debuerat

187 816 335 845 romptiores.
369 816 526 844 Quapropter,
545 823 599 838 cum
616 816 674 838 dicti
692 816 791 838 rebelles
807 816 942 845 novissime,
963 817 1048 839 diebus
1063 817 1125 845 istis,
1145 823 1237 839 execra-

168 824 250 868 {iliter
261 846 285 867 et
296 845 371 867 lacius
383 845 453 867 solito
465 852 506 867 sue
518 845 675 874 malignitatis
686 845 783 867 brachia
791 846 952 874 extendentes,
960 846 1011 875 jam
1022 848 1101 875 partes
1112 846 1235 868 interiores

169 876 255 904 Anglie
273 875 366 896 diversa
381 875 540 903 perpetrando
551 875 656 897 facinora
667 875 715 897 sint
725 875 831 904 ingressi,
846 882 872 897 ac
883 882 933 903 nos,
944 883 987 904 pro
998 876 1132 905 repulsione
1143 882 1233 904 eorum,

168 905 285 934 quosdam
297 904 325 926 de
334 904 487 932 Magnatibus
499 906 523 926 et
531 904 621 926 Milites
632 905 690 926 alios
700 904 729 926 tle
739 904 827 927 nostris
836 905 958 927 Fidelibus
965 905 1016 933 jam
1028 906 1059 928 ad
1069 905 1145 927 dictas
1156 906 1235 933 partes

167 935 310 961 miserimus,
324 933 493 962 expedieioque
504 934 566 955 tanti
577 934 668 962 negocii
683 941 798 962 expensas
810 935 915 963 requirat
930 935 1061 957 necessario
1072 936 1234 963 sumptuosas,

167 965 236 987 vobis
247 964 272 986 in
282 963 329 984 fide
340 964 364 985 et
374 963 502 985 dileccione
514 963 602 991 quibus
615 963 683 985 nobis
694 965 718 985 et
726 964 808 992 Regali
816 964 906 986 Corone
917 965 997 986 nostre
1007 965 1121 987 tenemini
1132 964 1235 993 rogando

167 994 334 1016 mandavimus
350 993 414 1022 quod
430 992 545 1021 quicquid
562 992 666 1015 levatum
686 995 722 1015 est
740 993 769 1015 de
784 994 850 1015 dicta
865 993 963 1022 decima,
977 995 1001 1016 et
1016 994 1132 1023 quicquid
1147 993 1236 1023 poterit

167 1024 223 1046 inde
243 1022 325 1050 levari,
347 1023 427 1051 preter
448 1022 509 1044 illud
530 1022 595 1051 quod
615 1022 670 1044 inde
685 1023 838 1045 retinendum
858 1023 932 1045 fuerit
956 1023 986 1045 de
1007 1024 1128 1046 solucione
1153 1023 1234 1045 ultimi

167 1053 280 1080 Termini,
302 1058 346 1080 pro
363 1053 448 1074 mutuo
465 1058 508 1080 per
526 1058 567 1073 vos
585 1053 609 1074 et
626 1052 766 1080 Capitulum
784 1052 887 1075 Ecclesie
906 1054 983 1075 vestre
1000 1053 1058 1075 alias
1077 1053 1146 1075 nobis
1160 1053 1232 1081 facto,

166 1083 276 1105 habeatis
294 1080 325 1103 ad
341 1081 489 1103 Scaccarium
507 1081 642 1110 predictum
663 1082 728 1110 apud
744 1082 983 1104 Westmonasterium
996 1083 1020 1104 10
1037 1082 1139 1105 crastino
1155 1082 1237 1105 Sancti

168 1111 291 1135 Laurencii
309 1111 348 1140 [11
371 1110 444 1139 Aug]
456 1111 565 1139 proximo
582 1111 663 1133 futuro
679 1111 748 1133 nobis
765 1112 913 1140 solvendum,
932 1113 961 1133 ut
971 1114 1050 1134 vestra
1067 1112 1192 1140 diligencia
1210 1111 1235 1133 in

166 1142 211 1164 hac
226 1142 295 1170 parte
310 1147 353 1164 nos
371 1140 488 1162 inserveat
500 1140 552 1169 (sic)
564 1141 588 1162 et
599 1140 697 1162 inducat
715 1141 741 1162 in
751 1141 836 1163 vestris
843 1141 939 1170 agendis
950 1142 1098 1170 temporibus
1110 1141 1234 1170 oportunis

166 1172 268 1200 Regium
294 1170 406 1193 adhibere
428 1169 539 1192 savorem.
589 1170 627 1198 Et,
655 1170 675 1192 si
706 1177 777 1198 super
802 1171 924 1199 premissis
954 1171 1102 1193 difficultatis
1133 1171 1234 1199 alicujus

166 1200 325 1228 obstaculum,
349 1199 415 1228 quod
434 1199 560 1227 nollemu3‚
588 1200 676 1228 apponi
703 1200 835 1228 contigerit,
864 1200 975 1222 volumus
1001 1202 1025 1223 et
1045 1201 1113 1223 vobis
1134 1200 1234 1222 firmiter

166 1230 312 1260 injungendo
323 1229 464 1252 mandamus
473 1229 538 1257 quod
549 1228 601 1251 sitis
612 1229 703 1251 ibidem
713 1229 743 1251 ad
754 1230 857 1251 eundem
866 1229 929 1252 diem
941 1237 1020 1252 coram
1027 1230 1132 1253 Consilio
1142 1231 1231 1257 nostro,

166 1262 273 1282 vestrum
294 1259 426 1282 exhibituri
447 1258 573 1280 consilium
604 1259 664 1287 quid
685 1265 756 1288 super
781 1259 916 1281 defensione
940 1259 1058 1282 dictarum
1081 1260 1191 1282 Parcium
1209 1260 1234 1282 et

166 1292 297 1312 ceterarum
314 1288 373 1311 dicti
389 1288 465 1316 Regni
483 1287 616 1310 consultius
633 1288 665 1310 sit
681 1288 806 1317 agendum.
840 1289 871 1311 Et
886 1288 994 1311 habeatis
1010 1289 1100 1311 ibidem
1115 1290 1173 1311 tunc
1188 1289 1234 1311 hoc

165 1320 247 1342 Breve.
281 1318 475 1376 Testieffligifipsm
498 1317 563 1346 apud
584 1318 831 1346 westmonasterium,
855 1318 896 1347 xiij
917 1318 954 1341 die
974 1318 1044 1347 Julii,
1067 1319 1137 1341 Anno
1158 1318 1233 1348 Regni

164 1349 241 1371 nostri
251 1355 314 1370 nono
407 1364 411 1369 .

136 1379 207 1401 Istud
227 1379 302 1400 Breve
313 1348 346 1400 si[c
357 1377 404 1399 fuit
415 1377 563 1399 retornatum
579 1378 603 1399 et
618 1377 717 1399 missum
729 1377 863 1399 Returnum
879 1384 922 1406 per
932 1377 945 1400 ι]
950 1377 1067 1400 ohannem
1078 1377 1107 1400 de
1119 1378 1233 1400 Lanceve-

164 1410 221 1431 tone
231 1407 340 1430 z—Istud
350 1407 425 1429 Breve
436 1406 467 1428 ad
482 1413 525 1428 nos
536 1407 586 1428 tam
597 1406 665 1428 tarde
676 1407 741 1429 venit
752 1407 817 1435 quod
828 1407 906 1429 venire
922 1414 970 1429 non
984 1408 1108 1436 potuimus
1125 1408 1152 1430 ad
1169 1407 1233 1429 diem

164 1438 189 1460 in
210 1438 292 1460 eodem
313 1437 460 1459 contentum.
500 1436 538 1463 Et,
561 1436 618 1464 quia
639 1436 707 1458 valde
728 1436 845 1458 modicam
865 1437 904 1458 vel
920 1437 967 1459 sere
984 1437 1076 1459 nullam
1093 1437 1232 1466 peccuniam

163 1467 298 1490 invenimus
314 1473 364 1488 esse
381 1466 504 1488 collectam
521 1465 550 1487 de
566 1466 664 1494 decima,
677 1466 702 1487 in
713 1466 848 1494 recepcione
858 1466 931 1495 hujus
942 1467 1032 1495 Brevis,
1045 1467 1110 1489 ultra
1126 1467 1151 1489 id
1167 1466 1232 1496 quod

164 1497 223 1519 alias
234 1496 343 1518 solutum
354 1496 398 1523 est,
411 1495 502 1517 nullam
513 1495 651 1523 peccuniam
663 1495 691 1517 de
707 1495 788 1517 eadem
800 1496 891 1518 decima
906 1496 1026 1518 mittimus
1042 1496 1090 1519 ista
1100 1497 1158 1519 vice.
1191 1495 1232 1518 Set

164 1527 226 1549 circa
244 1526 389 1548 levacionem
405 1526 430 1547 et
448 1525 612 1546 colleccionem
630 1525 770 1553 hujusmodi
785 1525 874 1547 decime
891 1532 983 1547 omnem
994 1533 1068 1555 quam
1083 1525 1231 1555 potuerimus

164 1555 316 1585 diligenciam
337 1554 512 1582 adhibebimus,
536 1555 560 1576 et
578 1561 651 1583 quam
671 1555 719 1577 cito
738 1555 829 1583 aliquid
847 1555 876 1577 de
894 1555 975 1577 eadem
994 1555 1067 1577 levari
1084 1556 1191 1584 potuerit
1207 1555 1233 1577 in

164 1586 245 1614 aliqua
255 1591 350 1607 summa
357 1583 469 1611 notabili,
478 1583 539 1605 illud
551 1590 579 1606 ex
587 1585 645 1606 tunc
656 1584 755 1606 celerius
765 1591 814 1613 quo
824 1584 956 1613 poterimus
967 1585 998 1608 ad
1006 1585 1155 1608 Scacearium
1166 1584 1231 1614 apud

162 1614 404 1638 Westmonasterium
413 1613 605 1636 transmittemus
613 1621 619 1642 ;
638 1613 688 1638 107.

90 1753 131 1774 (οἱ,
188 1744 316 1767 Processus
333 1741 493 1764 Dominorum
511 1740 683 1763 CardinaZium
698 1742 780 1763 contra
797 1740 927 1764 Robertum
943 1740 971 1764 de
987 1740 1052 1764 Brus
1069 1742 1091 1764 et
1106 1741 1157 1770 ejus
1172 1748 1230 1765 com-

85 1780 140 1799 131b.
214 1773 299 1802 plicas,
315 1771 411 1794 habitus
421 1771 489 1800 apud
498 1770 667 1798 Dat-eriam,—

129 1811 285 1835 Miseracione
301 1810 389 1832 Divina
399 1809 552 1836 Gaucelinus,
565 1808 647 1830 Titulo
664 1808 806 1830 Sanctorum
822 1808 955 1831 Marcellini
971 1810 995 1831 et
1014 1809 1087 1837 Petri,
1100 1809 1227 1838 Presbiter,

159 1843 183 1864 et
201 1842 284 1867 Lucas,
304 1839 390 1862 Sancte
408 1839 483 1861 Marie
504 1838 529 1860 in
548 1838 595 1860 Via
616 1838 683 1866 Lata,
703 1838 830 1866 Diaconus,
851 1838 1146 1867 Cardinales,Apostolice
1161 1839 1229 1861 Sedis

159 1871 256 1899 Nuncii,
274 1868 459 1892 Venerabilibus
476 1867 794 1896 Patribus—Cantuariensi‚
812 1868 962 1896 Eboracensi,
980 1868 1131 1897 Dubiinensi,
1143 1868 1227 1891 Arma-

158 1900 278 1928 chanensi,
288 1898 436 1926 Cassellensi,
446 1898 470 1920 et
477 1897 836 1926 Tuamensi—Archiepiscopis,
848 1898 872 1920 et
882 1897 935 1919 aliis
946 1897 1084 1920 eorumdem
1092 1898 1226 1927 Archiepis-

159 1936 273 1959 coporum
284 1928 450 1956 Suffraganeis‚
464 1933 555 1949 necnon
573 1928 597 1949 et
614 1927 697 1949 ceteris
715 1927 826 1948 omnibus
842 1928 866 1949 et
882 1927 982 1955 sing-ulis
993 1927 1118 1956 Episcopis
1130 1927 1223 1955 Electis,

157 1959 303 1986 Abbatffius,
322 1957 452 1984 Prioribus,
471 1956 579 1984 Decanis,
598 1956 736 1984 Prepositis,
754 1956 942 1984 Archidiaconis,
962 1956 1180 1985 Archipresbiteris,
1203 1958 1227 1979 et

174 1989 349 2016 uibuscumque
361 1987 413 2009 aliis
425 1986 582 2008 Ecclesiarum
595 1986 696 2007 Prelatis
707 1987 731 2007 et
743 1986 891 2014 Rectoribus,
900 1993 927 2008 ac
936 1986 1107 2008 Ecclesiasticis
1116 1986 1224 2009 Personis

157 1997 310 2041 gecularibus
332 2019 356 2038 et
377 2016 543 2044 Regularibus,
567 2015 771 2043 cisterciensibus,
795 2015 998 2043 Cluniaeensibus,
1022 2015 1223 2043 Cartusiensibus,

155 2046 421 2073 Prcinonstratensibus‚
450 2045 591 2067 Sanctorum
605 2045 729 2067 Benedicti
755 2046 779 2066 et
794 2045 931 2074 Augustini,
955 2045 1184 2074 Cam-ssdulensibus,
1202 2047 1226 2068 et

156 2077 237 2102 Sancti
245 2075 377 2103 Gufflelmi,
388 2076 412 2097 et
423 2075 524 2097 aliorum
532 2081 737 2103 quorumcumque
746 2081 793 2096 non
804 2074 993 2097 mendicancium
1001 2075 1025 2097 et
1036 2075 1224 2097 mendicancium

156 2107 280 2135 Ordinum,
293 2106 318 2128 et
328 2105 381 2128 aliis
393 2104 585 2134 quibuscumque
595 2104 703 2133 personis
720 2105 771 2126 tam
786 2110 829 2133 per
839 2104 921 2133 Regna
930 2104 1018 2133 Anglie
1028 2106 1053 2127 et
1064 2104 1142 2127 Scotie
1152 2111 1225 2133 quam
