1328 2295
514 150 722 177 soorLAND.
1125 136 1197 171 365

133 228 267 250 turbatores
278 227 399 256 quoslibet
416 228 440 249 et
456 233 608 256 aggressores,
622 227 646 248 et
662 227 780 248 invasores
797 226 820 247 et
836 226 988 254 occupatores
1005 224 1075 252 Regis
1088 225 1112 246 et
1123 222 1199 251 Regni

133 256 218 285 Anglie
234 264 261 279 ae
277 257 385 279 Parcium
403 257 496 279 Ibernie
512 256 681 285 predictorum,
700 256 723 277 in
742 255 848 284 pecunie,
866 261 989 283 equorum,
1008 259 1135 280 annorum,
1154 253 1197 274 aut

132 286 234 308 aliorum
254 293 458 315 quorumcumque
479 286 586 308 subsidio
605 286 749 314 juvaverint,
770 285 819 307 sivo
839 283 988 313 prostiterint
1008 283 1072 305 dicto
1094 282 1198 304 Roherto

133 317 157 338 et
179 316 237 344 ipsis
264 316 418 343 invasoribus,
447 315 629 344 aggressoribus,
652 320 676 337 et
702 314 892 343 occupatoribus,
916 313 1050 340 consilium,
1070 311 1195 338 auxilium,

132 345 168 367 vel
180 346 292 373 favorem,
304 352 347 374 per
362 353 386 368 se
397 345 433 367 vel
450 345 523 367 alium
540 352 581 367 seu
597 345 663 372 alios,
677 344 865 373 quomodolibet,
883 343 1006 371 publicum
1018 342 1054 364 vel
1066 342 1195 368 occultum,

132 381 160 397 ex
176 381 239 397 nnnc
256 377 283 397 ut
300 382 329 397 ex
345 376 410 402 tunc,
423 375 574 397 Auctoritate
585 374 685 402 prefata,
698 374 813 402 premissa
826 373 958 395 Monicione
970 371 1095 399 Canonica,
1109 371 1134 392 in
1150 370 1197 392 hiis

132 404 234 433 scriptis,
248 405 379 433 ingressum
391 404 493 427 Ecclesie
510 404 674 426 interdicimus
684 411 689 431 ;
704 405 728 425 et
739 403 758 425 si
771 403 928 425 Interdictum
939 401 1077 430 hujusmodi
1086 407 1128 429 per
1138 399 1198 427 fiijor

44 434 182 456 fol.1as.dies
193 434 269 456 dictos
286 434 365 456 deceni
384 434 512 456 immediate
529 435 653 462 sequentes
665 433 830 459 sustinuerint,
853 432 916 460 ipsos
933 433 957 453 et
972 438 1054 453 eorum
1065 429 1198 459 quemlibet

131 464 299 492 suspendimus
318 471 332 486 a
343 464 442 486 Divinis.
477 463 545 491 Quod
564 463 584 485 si
596 463 753 485 Interdictum
769 464 792 484 et
804 462 987 490 Suspensionem
1004 459 1143 489 hujusmodi
1154 465 1196 487 per

132 493 191 515 alios
202 493 224 522 vj
236 493 294 521 dies,
307 493 427 522 predictos
443 493 493 521 xiiij
511 493 638 515 inmediate
650 494 781 521 sequentes,
795 491 960 518 sustinuerint,
971 490 1056 512 animis
1068 488 1194 516 induratis,

131 529 174 544 nos
186 523 210 544 in
221 523 285 551 ipsos
296 524 320 545 et
331 530 411 545 eorum
423 522 535 551 singulos,
549 529 638 544 necnon
650 522 673 543 111
685 528 847 550 quoscumque
859 521 953 542 Eiectos
963 519 1080 547 Abbates,
1093 519 1193 545 Priores,

132 552 246 580 Decanos,
264 552 407 581 Prepositos,
426 553 449 574 et
466 559 627 581 quascumque
644 551 701 573 alias
714 552 827 573 Personas
840 550 1022 577 Eeclesiastieas,
1035 548 1155 571 seculares
1172 549 1196 569 et

133 581 269 610 Regulares,
292 589 495 611 quorumcumque
517 588 563 603 non
582 581 770 603 lnendieancium
789 581 837 602 sive
859 579 1046 601 mendicancium
1069 577 1194 605 Ominum,

132 611 303 640 cujuscumque
318 613 403 639 status,
416 611 511 640 gradus,
525 611 620 635 ordinis,
634 610 671 632 vel
687 610 831 632 condicionis
848 609 944 636 fuerint,
957 609 1076 631 dictorum
1088 607 1193 634 Robarti,

132 640 280 669 aliorumque
301 648 503 669 quorumcumque
526 640 664 669 magnatum
687 641 710 662 et
732 639 855 661 Nobilium
877 639 901 660 in
927 640 951 660 et
977 644 1049 666 snper
1074 636 1195 666 premissis

132 670 261 699 adjutores,
274 671 392 698 valitores,
412 670 563 697 consiliarios,
583 670 694 695 fautores,
715 668 902 698 quomodolibet,
922 669 965 690 aut
984 674 1102 696 sequaces,
1115 667 1198 688 contra

133 700 276 722 moniciones
295 702 319 722 et
335 700 448 722 mandata
466 701 545 722 nostra
557 699 695 727 hujusmodi
713 699 827 726 faciendo,
841 699 883 720 aut
894 698 935 727 qui
954 697 1018 726 pacis
1034 698 1058 719 et
1074 695 1198 718 concordie

132 729 292 758 predictarum
303 730 493 758 proseeucionem
504 729 571 751 nobis
583 729 722 757 injunctam,
736 730 778 750 aut
790 735 871 756 pacem
880 729 903 749 et
916 726 1117 756 tranquillitatem
1126 725 1197 754 Regis

132 759 157 781 et
168 759 242 788 Regni
250 759 335 788 Anglie
344 761 368 781 et
376 759 485 781 Parciuni
496 759 656 788 predictorum
666 758 800 787 aliqualiter
808 757 974 786 impediverint
985 757 1026 778 aut
1036 755 1194 783 turbaverint,

133 795 159 810 ac
170 788 234 810 dicto
244 788 347 811 Roberto
358 790 401 811 aut
412 789 464 810 aliis
475 788 637 811 turbatoribus
649 788 803 816 quibuslibet,
817 789 840 809 et
856 786 1029 815 aggressoribus
1045 792 1072 807 ac
1082 784 1195 807 invasori-

133 817 178 839 bus
190 818 260 847 Regis
271 820 295 840 et
306 818 381 847 Regni
392 818 476 847 Anglie
488 825 514 840 ac
524 818 631 840 Parcium
641 817 732 839 Ibernie
740 817 908 845 predictomm,
918 816 941 838 in
950 815 1057 844 pecunie,
1067 821 1195 842 armorum,

133 854 257 876 equorum,
270 851 312 870 aut
330 848 431 870 aliorum
447 854 652 876 quorumcumque
669 847 814 875 prestacione
833 845 967 868 subsidium
978 844 1134 873 prestiterint,
1148 844 1197 865 sive

133 877 242 899 dederint
262 877 326 899 dicto
350 877 451 900 Roberto
477 879 501 899 et
522 877 574 899 aliis
598 877 754 903 invasoribus,
775 878 828 903 etc„
858 875 991 902 eonsilium,
1013 874 1137 901 auxilium,
1162 873 1199 895 vel

134 907 246 934 favorem,
259 914 301 935 per
312 914 335 929 se
347 907 383 929 vel
395 907 468 929 alium
480 914 521 929 seu
530 907 596 934 alios,
607 906 793 935 quomodolibet,
806 912 878 933 super
888 904 1017 933 premissis,
1027 903 1152 932 publicum
1160 902 1197 925 vel

135 936 264 964 occultum,
279 943 308 958 ex
319 943 382 959 nunc
397 939 424 958 ut
435 944 463 958 ex
475 938 540 963 tnnc,
552 936 700 958 Auctoritate
712 935 826 964 predicta,
840 935 953 963 premissa
965 933 1098 956 Monicione
1107 933 1197 955 Canon-

134 965 177 993 ica,
190 966 215 987 in
231 966 277 988 hiis
293 966 387 995 seriptis
399 966 658 988 Exeommnnicacionis
670 965 805 987 Sentencias
821 964 1014 993 promulgamuffl
1035 962 1199 991 Ecclesiasque

134 995 372 1024 Archiepiscoporum
390 998 414 1018 et
426 996 605 1024 Episcoporum,
619 997 642 1016 et
659 995 720 1022 illas,
733 1002 759 1016 ac
779 994 975 1016 Monasteriorum
993 998 1199 1021 quorumcumque

135 1024 282 1047 Prelatorum
293 1025 460 1054 predictorum,
474 1032 516 1054 per
526 1025 585 1047 hane
597 1026 701 1046 nostram
714 1024 861 1046 ffientenciam
872 1023 1034 1045 Ecclesiastico
1042 1022 1199 1050 supponimus

135 1054 280 1082 Interdicto,
307 1055 337 1077 ad
358 1062 430 1084 penas
451 1055 508 1077 alias
530 1054 671 1083 Spirituales
692 1056 715 1076 et
736 1053 894 1082 Temporales,
917 1053 979 1074 sicut
1000 1052 1068 1074 nobis
1089 1051 1200 1080 expedire

135 1084 262 1112 videbitm,
286 1086 367 1106 eontra
388 1085 479 1106 dietum
503 1084 633 1106 Robertum
661 1086 685 1105 et
705 1090 868 1112 quosounnpie
895 1082 953 1104 alios
980 1082 1092 1103 facientes
1117 1082 1200 1103 contra

136 1113 281 1136 Moniciones
293 1116 316 1136 et
329 1114 442 1136 Mandata
453 1116 534 1136 nostra
545 1113 690 1141 hujusmodi,
704 1120 729 1135 :ic
741 1120 787 1134 nou
804 1114 911 1141 parentes
928 1111 1015 1133 eisdem
1035 1110 1198 1137 effectualiter,

132 1143 204 1171 juxta
221 1145 363 1172 potestatem
380 1143 448 1165 nobis
467 1150 538 1172 super
555 1143 598 1165 hoe
617 1150 658 1171 per
676 1143 751 1164 dicius
770 1143 859 1164 Liteias
877 1141 1026 1170 Apostolicas
1047 1140 1198 1167 attributam,

136 1174 208 1201 prout
228 1173 332 1201 requiret
352 1173 479 1195 eorundem
501 1180 639 1195 excessuum
667 1172 808 1201 protervitas
829 1173 853 1194 et
870 1171 932 1199 juris
954 1170 1077 1199 permittet
1098 1169 1198 1198 equitas,

136 1203 275 1230 processuri.
310 1203 389 1230 Porro,
402 1204 430 1225 ut
440 1202 513 1224 nichil
525 1202 553 1224 de
561 1202 752 1230 contingentibus
762 1201 924 1228 obmittamus,
935 1202 959 1222 et
970 1207 998 1222 ne
1006 1199 1079 1228 aliqui
1088 1205 1199 1228 quarum-

136 1238 238 1261 cumque
258 1232 404 1261 paccionum,
424 1232 605 1260 obligacionum,
626 1231 852 1258 confederacionum,
873 1232 916 1252 aut
933 1229 1120 1257 colligacionum,
1140 1229 1201 1250 circa

137 1262 251 1290 premissa
276 1263 313 1284 vel
339 1269 420 1284 eorum
441 1262 522 1290 aliqua
542 1262 666 1288 factarum,
690 1261 804 1283 hactenus
825 1267 849 1282 se
871 1260 965 1282 valeant
985 1266 1057 1287 super
1079 1258 1201 1287 premissis

137 1290 286 1319 aliquatenus
305 1298 422 1319 excusare,
436 1298 486 1319 nos,
500 1292 649 1313 Auctoritate
667 1290 780 1319 predicta,
794 1290 861 1312 nobis
879 1290 903 1311 in
920 1289 964 1311 hac
983 1290 1049 1317 parte
1067 1288 1199 1316 commissa,

137 1327 217 1343 omnes
230 1322 253 1343 et
264 1328 426 1350 quascumque
443 1321 572 1349 pacciones,
586 1320 750 1349 obligaciones,
764 1319 974 1346 (zoin'ederaciones,
987 1319 1011 1340 et
1027 1317 1198 1346 oolligaciones,

137 1350 254 1377 generales
266 1353 289 1372 et
300 1351 419 1379 speciales,
433 1351 494 1372 circa
505 1350 611 1379 predicta
622 1350 658 1372 vel
670 1350 766 1378 aliquod
778 1349 946 1378 predictorum,
959 1349 1020 1370 inter
1036 1353 1199 1376 quascumque

137 1379 250 1402 Personas
281 1381 363 1408 factas,
386 1381 459 1402 eciam
496 1387 610 1408 penarum
637 1380 794 1408 apposieione,
815 1379 960 1407 jul-amente,
988 1377 1024 1399 vel
1051 1383 1201 1406 quacumque

136 1408 249 1432 firmitate
260 1409 306 1432 alia
317 1410 445 1437 roboratas,
459 1417 500 1438 per
516 1410 575 1431 hane
591 1411 694 1431 nostram
708 1409 856 1431 Sentenciam
873 1408 896 1429 in
913 1407 958 1429 hiis
976 1407 1078 1435 scriptis,
1092 1406 1200 1428 dissolvi-

136 1445 197 1466 mus,
218 1439 376 1467 annullamus,
396 1440 525 1467 irritamus,
545 1441 573 1461 ut
600 1439 695 1460 omniuo
714 1438 804 1460 rii-ibus
822 1444 914 1465 vacuas,
934 1439 958 1459 et
975 1444 1021 1464 eas,
1039 1437 1156 1464 quatenus
1173 1435 1202 1457 de

137 1468 200 1490 facto
211 1469 375 1497 processerint,
389 1469 462 1491 eciam
473 1475 617 1496 revocamus,
631 1469 741 1497 ipsasque
760 1467 845 1495 nullas,
858 1467 944 1494 irritas,
957 1468 981 1488 et
997 1466 1087 1487 viribus
1104 1465 1201 1494 quibus-

137 1497 196 1520 libet
212 1505 296 1521 vacuas
318 1499 465 1526 nunciamus,
478 1498 629 1520 Auctoritate
642 1505 689 1526 qua
705 1504 783 1526 supra,
797 1499 877 1519 tenore
890 1496 1039 1518 Presencium
1053 1495 1200 1523 Literarum;

134 1527 278 1556 juramenta,
291 1535 353 1555 vero,
363 1529 423 1550 circa
433 1528 547 1557 premissa
558 1528 656 1556 prefata,
667 1535 679 1549 a
688 1527 878 1556 quibuscumque
886 1525 1010 1555 quibusvis
1018 1525 1134 1552 Personis,
1147 1531 1202 1546 <auin

139 1557 239 1579 Persone
260 1564 305 1586 qne
328 1558 465 1586 juramenta
485 1558 543 1579 talia
564 1557 710 1586 prestiterim:
732 1557 762 1578 ad
784 1563 826 1578 nos
848 1556 987 1578 accesserint
1006 1555 1043 1576 vel
1060 1554 1202 1576 sufficientes

139 1586 304 1609 Procuratores
314 1589 412 1616 propter
422 1587 466 1609 hoc
477 1588 507 1609 ad
518 1594 560 1609 nos
571 1587 685 1613 miserint,
699 1586 801 1608 relaxare
818 1585 976 1612 studebimus,
989 1585 1062 1613 prout
1072 1583 1203 1606 seeundum

138 1616 214 1638 Deum
226 1617 350 1639 animabus
366 1617 591 1645 transgrediendum
607 1616 726 1638 salubrius
738 1616 870 1637 videbimus
882 1614 1000 1643 expedire.
1033 1614 1131 1641 Verum,
1145 1613 1202 1642 quia

138 1645 277 1674 hujusmodi
303 1649 436 1669 nostrorum
459 1647 622 1673 Processuuni,
642 1646 811 1672 Monicionuui,
832 1644 1041 1671 Exhortacionum,
1064 1645 1088 1665 et
1106 1644 1202 1665 Senten-

139 1675 228 1697 ciarum
240 1676 351 1698 Edictum
370 1676 400 1698 ad
413 1676 559 1704 singulorum
572 1685 575 1695 ι
580 1682 673 1704 [uorum
686 1675 790 1702 interest,
804 1674 917 1701 intererit,
932 1673 968 1695 rel
985 1674 1095 1695 interesse
1104 1672 1200 1701 poterit,

139 1705 239 1733 proferri
255 1706 368 1728 noticiam
379 1706 524 1732 affectamus
538 1707 565 1727 ut
576 1707 657 1727 contra
671 1705 795 1727 Processus
810 1704 873 1732 ipsos
891 1703 1019 1732 cujuslibet.
1035 1702 1167 1731 ignorancie
1179 1703 1203 1723 et

139 1734 273 1763 calumpnia
283 1735 384 1757 tollatur
395 1735 492 1763 occasio,
502 1735 578 1757 dictos
590 1737 681 1756 nostros
693 1736 812 1763 presentes
823 1734 947 1755 Processus
959 1740 1000 1761 per
1011 1739 1052 1754 vos
1063 1734 1087 1754 et
1098 1733 1202 1753 vestrum

140 1764 245 1792 singulos
263 1765 408 1787 decrevimus
426 1766 457 1792 et,
480 1767 560 1787 tenore
583 1764 739 1790 Presencium,
761 1764 908 1785 deceruimus
929 1761 1093 1791 publicandos.
1126 1761 1204 1788 Quare

140 1793 215 1821 vobis,
239 1794 347 1816 Dominis
368 1794 559 1823 Archiepiscopis
581 1796 604 1816 et
626 1794 757 1822 Episcopi&
781 1793 911 1821 ceterisque
931 1792 1029 1814 Prelatis
1050 1793 1074 1813 et
1096 1790 1204 1812 Personis

143 1823 312 1846 Ecclesiasticis
328 1824 478 1852 supradictis,
491 1824 607 1851 exemptis
624 1826 648 1845 et
664 1830 710 1844 non
726 1823 851 1851 exemptis,
864 1823 888 1844 in
905 1822 974 1844 dictis
987 1821 1073 1849 Regnis
1085 1820 1169 1848 Anglie
1181 1821 1205 1842 et

142 1852 221 1875 Scocie
232 1860 258 1875 ac
270 1854 347 1876 Terris
359 1854 452 1875 Ibernie
464 1855 487 1875 et
499 1853 592 1880 Wallie,
605 1855 648 1875 aut
660 1853 746 1881 Regnis
757 1854 781 1874 et
792 1852 869 1874 Terris
881 1851 941 1879 aliis,
955 1850 1099 1878 constitutiS,
1112 1852 1136 1872 et
1152 1849 1205 1871 aliis

141 1882 171 1904 ad
182 1889 241 1911 quos
254 1883 379 1905 Processus
390 1883 464 1905 nostri
481 1885 601 1911 presentes
617 1882 773 1911 pervenerint,
787 1881 937 1904 Anetoritate
949 1880 1087 1909 Apostolica
1098 1879 1166 1901 nobis
1181 1879 1205 1901 in

142 1911 185 1933 hac
196 1914 263 1940 parte
280 1913 410 1940 commissa,
424 1913 530 1934 districte
546 1912 697 1941 precipiendo
714 1912 854 1933 mandamns
866 1911 933 1933 vobis
945 1913 968 1932 et
980 1912 1085 1932 vestrum
1096 1908 1204 1937 singulis

142 1941 166 1962 in
187 1942 277 1964 virtute
308 1942 392 1964 Sancte
414 1942 554 1964 Obediencie
585 1944 608 1963 et
629 1941 674 1963 sub
701 1948 761 1970 pena
787 1940 1045 1962 Exeonnnnnicaeionis
1072 1938 1206 1961 districcius

143 1970 300 1999 injungentes,
320 1972 433 2000 quatinus
452 1971 571 2000 predictos
591 1973 684 1993 nostros
702 1971 834 1997 Processus,
855 1970 1006 1997 Moniciones,
1025 1968 1168 1995 Sentencias,
1181 1969 1205 1989 et

144 1999 264 2029 Mandata,
277 2009 303 2023 ac
314 2002 360 2023 alia
372 2001 450 2023 onmia
461 2003 485 2023 et
496 2001 588 2029 singula
604 2001 628 2022 111
647 2001 734 2022 nostris
752 2000 902 2029 presentibus
916 2000 999 2021 Litteris
1011 2000 1130 2025 annotata,
1144 1997 1206 2019 infra

144 2031 197 2052 octo
208 2031 258 2052 dies
275 2033 401 2059 postquam
413 2031 489 2053 Litere
508 2031 558 2059 ipse
578 2030 607 2052 ad
624 2037 664 2052 vos
682 2030 837 2058 pervenerint,
852 2030 875 2051 111
888 2029 997 2051 Ecclesiis
1009 2028 1100 2055 vestris,
1113 2028 1205 2049 astante

143 2059 229 2082 ibidem
242 2060 334 2088 Populo
352 2060 434 2087 Fiden,
455 2060 512 2082 dnm
531 2060 689 2082 celebrabitur
709 2060 784 2087 Major
802 2059 881 2085 Missa,
899 2059 1053 2086 solempniter
1069 2057 1204 2086 publicetis,

144 2090 215 2111 semel
232 2092 255 2112 et
271 2090 368 2118 pluries,
382 2090 465 2112 diebus
481 2091 504 2111 et
521 2089 578 2111 loeis
596 2089 655 2116 aliis,
669 2090 731 2111 sicut
744 2089 809 2110 robis
826 2090 849 2110 et
860 2090 965 2110 vestrum
977 2087 1075 2116 singulis
1087 2086 1207 2108 videbitur

144 2119 263 2148 expedire,
276 2126 301 2142 ae
317 2119 418 2142 eundem
434 2119 565 2141 Robertum
577 2119 606 2141 de
618 2119 685 2147 Bru&
700 2119 807 2147 Regnum
824 2118 903 2141 Seocie
919 2117 1097 2146 gubernantem,
1111 2115 1208 2144 special-
