1328 2295
142 188 212 222 484
315 196 392 221 THE
418 193 606 220 REGISTER
632 193 676 218 OF
701 191 841 218 BISHOP
867 187 1097 217 STAPELDON.

272 273 373 299 Accoliti
382 287 413 291 —

145 307 247 334 Pollard,
259 293 379 329 Rohertus'
439 304 579 332 Westeeote,
592 303 694 325 Thomas
735 301 861 330 Treverby,
874 300 952 323 David
963 299 992 321 (16
1030 298 1110 325 Smne,
1118 296 1254 319 Willelmus
1264 296 1293 318 de

143 337 278 366 Pippecote,
287 335 369 365 Steph.
380 335 408 357 de
469 334 497 356 de
736 332 849 359 Moltone,
860 332 948 353 Anton.
962 329 990 351 (16
1059 327 1090 361 16,
1103 327 1132 349 (16
1144 327 1269 360 ῌοῃοῑοῐω

144 367 273 394 Τθὺῖοοοῒρ,
286 366 386 388 Lauren-
441 363 595 391 Littelewere,
608 363 656 384 Rie,
673 362 702 384 de
733 361 803 389 sum-le,
814 360 927 383 Hieardus
1028 358 1108 386 Rogrs,
1122 356 1252 379 Nicholaus

176 397 225 419 cius
237 396 265 418 de
440 393 611 419 Wollaeurnbe,
626 392 690 414 Will.
734 390 855 418 Holaunrl,
869 390 918 412 Ric.
933 389 961 411 (16
1030 386 1168 414 Nicholaus,
1178 386 1260 408 Frater
1266 385 1294 408 de

146 426 247 454 Deneys,
261 425 396 447 Willehms
471 423 500 444 de
739 420 882 447 Mollaunde,
895 420 910 442 (1
914 419 951 441 oh.
961 419 989 440 de
1062 417 1184 439 Conventu
1197 415 1226 437 (16
1236 415 1294 437 Tm-

146 456 237 484 Doune,
251 455 316 477 Will.
329 455 357 476 de
368 454 392 476 la.
443 452 589 481 Kyngsmvde,
603 451 707 473 Thomas
738 450 821 478 Yolde,
836 449 954 471 Rober‘cus
964 448 986 470 le
1061 453 1097 474 ru,
1126 445 1220 468 Ordinis
1243 445 1295 467 Pre-

147 485 234 513 Rocke,
248 485 365 507 Robertus
471 490 479 503 ι
488 490 499 504 6
738 480 902 508 Yulkysdone,
915 478 980 500 Will.
1061 476 1194 498 dicatorum

147 515 230 542 Forde,
241 514 356 536 mem-dus
367 514 395 535 (16
443 512 593 539 Horuiacote,
608 512 682 533 Henr.
767 510 795 531 de
1034 505 1185 533 Lockeforde,
1199 504 1272 527 Walt.

147 545 263 572 Pmkoyt,
276 543 358 572 Steph.
372 543 400 565 de
471 542 499 563 de
738 539 816 567 Canel,
831 539 936 567 Rogerus
1061 536 1098 564 de,
1114 535 1143 557 de
1152 534 1295 563 Plymptone

147 575 216 603 Leye,
230 574 289 596 Rob.
303 573 331 595 (16
343 573 366 595 la
442 571 575 600 Lanteglos,
589 571 639 593 Βία.
653 570 683 592 «le
739 570 802 597 Esse,
815 569 937 591 Johannes
948 567 977 589 de
1033 566 1198 595 Fy3ssestone‚
1212 564 1285 586 Mich-

146 604 297 632 Trehybyou,
313 603 368 625 (1011.
382 602 411 624 (16
442 601 598 628 Lockeumbe,
614 600 677 622 Will.
739 600 846 626 Baceote,
859 599 930 620 Henr.
946 597 974 619 de
1064 595 1100 618 ael
1110 595 1139 617 (16

147 634 202 662 Ros,
215 633 336 655 ,johannes
347 632 376 654 de
472 631 501 652 de
738 629 835 657 Stappe,
848 627 983 649 willelmus
1035 626 1117 648 Frater
1128 623 1250 652 Rioardus,

148 664 252 691 Seianut,
266 662 387 685 Gilbertus
442 660 552 689 Grangia,
565 660 668 682 Thomas
679 659 707 681 de
739 659 877 687 Nywetone,
890 657 905 679 J
909 657 946 679 oh.
960 656 989 678 de
1065 653 1202 681 Monachus,
1220 653 1249 676 (16

175 693 239 715 filius
251 692 365 714 Willelmi
376 692 397 713 le
445 690 523 718 Wyot,
537 690 672 712 Willehnus
740 690 877 714 Axemuwe,
890 687 905 709 J
908 686 945 708 oh.
958 686 987 708 de
1063 683 1226 712 Stikelepathe

145 722 284 750 Loccumbe,
294 722 400 744 Clemens
441 720 539 747 Messor,
554 720 672 741 Walterus
740 717 910 745 Bradeworthi,
922 716 937 739 ,J
941 715 979 738 oh.
1033 714 1166 744 Pydehffle,
1179 713 1235 736 (1011.
1248 714 1277 736 (16

172 753 202 775 (16

150 944 189 964 fol.

150 971 193 991 229.

158 1630 213 1659 Reli:

159 1661 221 1680 giesi.

157 1682 214 1701 Bene

159 1707 215 1726 fleia-

154 1734 198 1752 tus.

162 1975 217 1994 Bene

163 2001 217 2020 ficiul

439 750 503 778 Esse,
518 749 635 772 Robertus
651 749 679 771 de
764 748 793 770 de

275 811 467 839 Subdiacom',-—

215 846 290 874 More,
303 845 410 868 Thomas
422 845 452 867 (16
464 844 494 872 la,
507 844 538 867 ad
550 851 611 874 pres.
626 843 697 866 Dom.
712 841 824 865 Gervasii
836 841 866 864 (16
878 840 994 871 Raleghe,
1009 839 1102 863 Militis.

216 878 286 907 Ηο16,
299 878 366 901 Elias
378 878 409 900 (16
420 877 451 906 la,
464 877 495 900 ad
507 884 569 907 pres.
583 876 677 899 Thome
690 875 853 905 Champeaus.

216 910 379 941 Langeleghe,
392 910 522 940 Philippus
534 910 572 936 (le,
585 909 615 932 ad
628 916 689 939 pres.
704 907 822 930 Willelmi
834 907 865 929 de
878 905 992 936 Raleghe.

217 944 382 974 Adringtone,
396 943 504 965 Thomas
516 943 554 969 de,
568 942 599 965 ad
611 949 672 972 pres.
687 940 786 963 Ricardi
797 940 820 963 16
831 938 919 963 Wolfe.

218 975 407 1006 Crumpelhorn.
421 975 558 1005 Philippus,
571 975 602 997 ad
614 982 677 1004 pres.
691 973 763 996 Dom.
776 972 870 996 Thome
883 972 913 995 de
925 970 1084 996 Cirencestre.

219 1009 379 1036 Croudeoete,
393 1008 408 1031 (1
411 1008 519 1031 ohannes
531 1008 568 1035 (16,
582 1007 613 1030 ad
625 1014 687 1037 pres.
700 1005 813 1029 Nicholai
825 1005 856 1028 de
868 1005 935 1028 Bere.

218 1042 334 1072 Penquiss,
349 1041 473 1064 Robertus
485 1040 523 1068 de,
537 1040 565 1063 ad
581 1046 643 1070 pres.
657 1038 765 1069 Philippi
777 1039 808 1061 de
820 1038 844 1061 la.
855 1038 948 1067 Metyn.

218 1074 353 1105 Impeythi,
366 1074 489 1097 Henricns
501 1073 538 1102 (16,
552 1073 583 1096 ad
595 1080 656 1103 pres.
670 1072 684 1095 (1
688 1071 791 1094 ohannis
804 1071 946 1101 Cheyndnt.

219 1106 316 1135 Strode,
329 1106 469 1130 XVilleltnus
482 1106 519 1135 (16,
533 1106 563 1128 ad
576 1112 638 1136 pres.
652 1105 666 1128 J
670 1104 773 1127 ohannis
787 1104 817 1127 (16
830 1103 945 1126 Bikabiri.

220 1140 356 1167 Litelwem,
371 1139 495 1162 Walterus
515 1139 553 1167 de,
566 1138 597 1161 ud
615 1145 677 1168 pres.
692 1136 791 1165 Oliveri,
804 1136 895 1159 Prioris
907 1136 937 1159 de
954 1136 1128 1164 Frethelistok,
1147 1138 1173 1160 et
1190 1135 1303 1166 ejusdem

250 1173 308 1196 Loci
320 1171 472 1195 Conventus.

219 1206 291 1234 Goce,
304 1205 438 1232 Johannes,
451 1205 483 1227 ad
495 1212 556 1234 pres.
571 1204 642 1226 Dom.
656 1202 777 1233 Stephani
789 1202 819 1225 (16
832 1202 982 1231 Haecumbe,
996 1201 1090 1225 Militis.

220 1238 349 1267 Senthffle,
362 1237 500 1260 Wilellmus
512 1237 550 1265 de,
563 1237 594 1259 ad
606 1244 668 1266 pres.
682 1235 781 1258 Ricardi
793 1235 815 1258 16
828 1235 914 1258 Prouz.

220 1271 357 1301 Sydebyry,
372 1269 495 1293 Rohertus
507 1270 546 1297 de,
556 1270 587 1292 anl
600 1276 660 1299 pres.
675 1268 749 1291 Dom.
764 1268 874 1291 Gervasii
886 1268 916 1290 de
929 1267 1044 1297 Raleghe.

221 1304 357 1334 Chepman,
369 1303 517 1330 willelmus,
530 1302 559 1325 ad
574 1309 635 1332 pres.
648 1300 721 1324 Dom.
735 1301 750 1324 J
754 1301 857 1323 ohannis
871 1301 902 1323 de
914 1298 1272 1330 Umfravile‚—Iuhibitum‘cst
1284 1300 1306 1323 ei

253 1344 282 1359 ne
293 1336 389 1359 accedat
401 1335 435 1359 ad
448 1335 561 1358 Ordinem
576 1334 748 1357 Presbiteracus
762 1333 830 1363 infra
843 1333 1045 1363 quinquennium.

221 1369 395 1396 Exeminis‘me,
406 1368 546 1391 Willelmus
558 1368 596 1396 de,
609 1367 641 1390 ad
652 1374 714 1397 pres.
727 1367 743 1389 J
745 1366 849 1389 ohannis
861 1366 891 1389 de
904 1365 1066 1389 Pouderham.

221 1402 363 1432 Psppecote,
374 1400 500 1424 Robertus
512 1401 550 1428 de,
566 1400 597 1423 ad
610 1407 670 1430 pres.
685 1399 779 1422 Thome
791 1399 822 1422 de
835 1399 855 1422 F
856 1398 967 1428 ileleghe.

218 1435 305 1465 Regm,
320 1434 462 1464 Stephanus
474 1434 511 1462 (16,
524 1433 555 1456 ad
568 1440 628 1463 pres.
645 1431 746 1455 Roberti
765 1432 821 1455 Filii
833 1431 957 1455 Willelmi.

220 1467 319 1496 Penrin,
332 1467 443 1490 Andreas
455 1466 493 1493 (16,
508 1466 619 1489 vicarius
632 1465 762 1495 Glasneye,
774 1465 806 1487 ad
818 1472 879 1494 pres.
894 1464 1074 1487 Cauonicorum
1086 1466 1112 1487 et.
1124 1463 1241 1494 Capituli.

220 1500 353 1528 Mollonde,
366 1499 492 1523 ..Iohannes
504 1498 543 1526 (16,
555 1499 587 1521 ad
599 1505 658 1528 pres.
674 1498 747 1520 Dom.
761 1497 879 1520 willelmi
891 1497 921 1520 (16
936 1496 1058 1520 Botriaus.

220 1532 381 1563 Innysworgi,
394 1531 499 1555 Michael
511 1531 549 1560 de,
562 1531 593 1554 ad
604 1530 709 1553 titulum
721 1529 870 1560 patrimonii.

222 1565 378 1593 Poleworthi,
393 1564 512 1588 Rieardus
524 1564 561 1591 de,
575 1564 606 1586 ad
619 1571 680 1593 pres.
695 1562 806 1592 Magistri
818 1563 842 1586 J.
856 1562 931 1585 WVele.

223 1599 339 1628 Gerveys,
353 1597 483 1626 Hem-icus,
496 1597 527 1619 ad
545 1604 606 1626 pres.
621 1595 723 1618 Hem-ici
736 1596 766 1618 de
779 1595 909 1618 Poleforde
921 1597 947 1618 et
959 1595 1058 1618 Ricardi
1069 1595 1091 1618 le
1103 1594 1191 1618 Wolfe.

256 1631 294 1654 Fr.
309 1629 467 1658 Godefridus,
481 1629 580 1653 Ordinis
592 1629 779 1651 Predieatorum
792 1628 822 1651 de
835 1628 966 1651 conventu
979 1627 1081 1651 Exonie.

257 1664 297 1687 Fr.
311 1663 449 1693 Philippus,
465 1663 495 1685 (16
508 1662 639 1685 Couventu
652 1661 682 1684 (16
695 1661 784 1689 Τ1·111·ι1,
798 1661 898 1684 Ordinis
910 1661 1103 1684 Predicatorum.

224 1697 332 1724 Boume,
345 1695 477 1725 Gregorius
489 1695 527 1723 (16,
540 1693 632 1717 Restm*
643 1694 674 1717 de
687 1693 839 1724 Poghehulle
850 1692 1113 1724 [Pouyhill—Dewn]

287 1728 434 1756 Diaconiff—

219 1761 323 1789 Boscho,
336 1761 466 1784 Willemus
478 1760 515 1789 (16,
528 1760 559 1783 ad
571 1767 634 1790 pres.
647 1759 742 1782 Mathei
753 1759 784 1782 de
797 1758 958 1782 Crauthorne.

224 1794 301 1824 Mille,
315 1794 443 1818 Gilbertus
455 1793 485 1816 de
498 1793 528 1821 la,
541 1793 572 1816 ad
584 1800 644 1823 pres.
660 1792 761 1815 Roberti
773 1791 804 1814 de
817 1792 936 1816 Hortone.

225 1828 317 1852 Sancto
329 1826 465 1857 Stephano,
477 1825 612 1849 Nicholaus
624 1825 662 1852 de,
675 1825 707 1848 ad
719 1832 780 1855 pres.
794 1824 866 1848 Dom.
880 1824 983 1847 Walteri
994 1824 1025 1847 de
1038 1823 1170 1848 Cornubia.

227 1859 311 1889 Ske11i‚
324 1858 476 1887 Willelmus,
488 1859 519 1882 ad
532 1866 594 1888 pres.
610 1857 710 1881 Hemiei
722 1857 815 1880 Abbot.
864 1870 867 1875 -

226 1893 388 1923 Tregasroun,
399 1891 520 1915 Ricardus
531 1891 569 1919 de,
582 1891 613 1914 ad
625 1898 688 1920 pres.
703 1890 793 1913 Prioris
805 1891 831 1912 ei:
843 1889 919 1913 Conv.
933 1890 1018 1913 Sancti
1030 1888 1157 1912 Germani.

227 1924 299 1953 Hele,
312 1924 433 1947 Ricardus
445 1924 483 1953 de,
496 1924 527 1947 ad
539 1931 600 1954 pres.
614 1923 716 1946 Roberti
729 1922 784 1946 Filii
796 1922 921 1946 willelmi.

233 1957 389 2020 {Swafeldffi
402 1957 528 1980 «Iohannes
540 1957 578 1983 (16,
591 1956 681 1979 Rector
693 1955 800 1978 Ecclesie
811 1955 842 1978 (16
855 1955 934 1985 Mewy
947 1954 1063 1985 [Mem-y]

259 1990 392 2020 Trelonny.
405 1989 544 2013 Willelmus
556 1989 593 2017 de,
607 1989 697 2011 Rector
709 1987 816 2011 Eeclesie
829 1988 913 2011 Sancti
925 1988 940 2011 J
943 1987 1047 2011 ohannis
1059 1987 1095 2017 [in
1108 1985 1250 2017 Comubia]

229 2023 333 2052 Piltone,
346 2023 470 2045 Robertus
482 2022 520 2049 (le,
533 2022 563 2044 ad
576 2029 637 2052 pres.
651 2021 769 2044 Willelmi
781 2021 812 2043 (16
824 2020 939 2049 Raleghe.

230 2055 392 2084 Holacumbe,
405 2055 532 2078 Jnhannes
544 2054 582 2082 (16,
595 2054 626 2077 ad
641 2061 704 2083 pres.
720 2053 820 2076 Domini
832 2053 847 2076 (1
850 2053 954 2076 ohannis
966 2053 996 2076 de
1009 2053 1161 2084 Umfravyle.

229 2088 388 2117 Wolvedone,
401 2088 512 2118 Rogerus
524 2087 562 2115 de,
572 2087 603 2110 ad
615 2094 676 2116 pres.
690 2086 705 2109 (1
708 2086 811 2109 ohannis
822 2085 845 2108 16
857 2085 955 2109 Deneis.

230 2121 304 2148 Bont,
316 2120 449 2149 Walterus,
462 2120 493 2143 ad
506 2128 568 2150 pres.
581 2119 684 2143 walteri
697 2118 802 2142 Pollard.

231 2153 400 2184 Halghewiue,
414 2153 537 2177 Henricus
549 2152 587 2180 de,
601 2152 632 2175 ad
644 2159 705 2182 pres.
719 2151 790 2175 Dom.
804 2149 935 2182 Reginaldi
947 2151 977 2175 de
990 2151 1111 2175 Clifforde.

220 2006 225 2018 1
