<?xml version="1.0" encoding="UTF-8"?>
<!DOCTYPE html PUBLIC "-//W3C//DTD XHTML 1.0 Transitional//EN"
    "http://www.w3.org/TR/xhtml1/DTD/xhtml1-transitional.dtd">
<html xmlns="http://www.w3.org/1999/xhtml" xml:lang="en" lang="en">
 <head>
  <title>
</title>
<meta http-equiv="Content-Type" content="text/html;charset=utf-8" />
  <meta name='ocr-system' content='tesseract 3.04.00' />
  <meta name='ocr-capabilities' content='ocr_page ocr_carea ocr_par ocr_line ocrx_word'/>
</head>
<body>
  <div class='ocr_page' id='page_1' title='image "./registerofwalter00exet_0405.png"; bbox 0 0 1328 2295; ppageno 0'>
   <div class='ocr_carea' id='block_1_1' title="bbox 500 145 1179 182">
    <p class='ocr_par' dir='ltr' id='par_1_1' title="bbox 500 145 1179 182">
     <span class='ocr_line' id='line_1_1' title="bbox 500 145 1179 182; baseline -0.003 0"><span class='ocrx_word' id='word_1_1' title='bbox 500 155 708 182; x_wconf 68' lang='lat' dir='ltr'>sco‘rLAND.</span> <span class='ocrx_word' id='word_1_2' title='bbox 1010 161 1012 163; x_wconf 96' lang='lat'>·</span> <span class='ocrx_word' id='word_1_3' title='bbox 1107 145 1179 180; x_wconf 83' lang='lat'>363</span> 
     </span>
    </p>
   </div>
   <div class='ocr_carea' id='block_1_2' title="bbox 20 229 1182 2154">
    <p class='ocr_par' dir='ltr' id='par_1_2' title="bbox 70 229 1182 1296">
     <span class='ocr_line' id='line_1_2' title="bbox 121 229 1180 261; baseline 0.002 -9"><span class='ocrx_word' id='word_1_4' title='bbox 121 229 228 259; x_wconf 88' lang='lat' dir='ltr'>Regnum</span> <span class='ocrx_word' id='word_1_5' title='bbox 249 231 390 260; x_wconf 83' lang='lat' dir='ltr'>predictum,</span> <span class='ocrx_word' id='word_1_6' title='bbox 412 234 436 255; x_wconf 84' lang='lat' dir='ltr'>et</span> <span class='ocrx_word' id='word_1_7' title='bbox 456 233 552 255; x_wconf 80' lang='lat' dir='ltr'>Terram</span> <span class='ocrx_word' id='word_1_8' title='bbox 573 240 639 255; x_wconf 88' lang='lat' dir='ltr'>suam</span> <span class='ocrx_word' id='word_1_9' title='bbox 663 232 783 260; x_wconf 87' lang='lat' dir='ltr'>Hibernie,</span> <span class='ocrx_word' id='word_1_10' title='bbox 805 232 993 261; x_wconf 82' lang='lat' dir='ltr'>impugnacionis</span> <span class='ocrx_word' id='word_1_11' title='bbox 1011 232 1036 254; x_wconf 88' lang='lat' dir='ltr'>et</span> <span class='ocrx_word' id='word_1_12' title='bbox 1051 231 1180 254; x_wconf 80' lang='lat' dir='ltr'>invasionis</span> 
     </span>
     <span class='ocr_line' id='line_1_3' title="bbox 119 260 1182 290; baseline 0 -7"><span class='ocrx_word' id='word_1_13' title='bbox 119 260 264 288; x_wconf 80' lang='lat' dir='ltr'>reprobande</span> <span class='ocrx_word' id='word_1_14' title='bbox 278 265 376 285; x_wconf 85' lang='lat' dir='ltr'>conatus</span> <span class='ocrx_word' id='word_1_15' title='bbox 392 264 528 290; x_wconf 77' lang='lat' dir='ltr'>excercent3</span> <span class='ocrx_word' id='word_1_16' title='bbox 545 270 595 290; x_wconf 82' lang='lat' dir='ltr'>nos,</span> <span class='ocrx_word' id='word_1_17' title='bbox 608 262 684 284; x_wconf 87' lang='lat' dir='ltr'>eidem</span> <span class='ocrx_word' id='word_1_18' title='bbox 702 262 759 290; x_wconf 83' lang='lat' dir='ltr'>Regi</span> <span class='ocrx_word' id='word_1_19' title='bbox 775 263 799 284; x_wconf 86' lang='lat' dir='ltr'>et</span> <span class='ocrx_word' id='word_1_20' title='bbox 816 262 904 290; x_wconf 80' lang='lat' dir='ltr'>Regno,</span> <span class='ocrx_word' id='word_1_21' title='bbox 922 262 1034 290; x_wconf 80' lang='lat' dir='ltr'>premisse</span> <span class='ocrx_word' id='word_1_22' title='bbox 1050 261 1182 284; x_wconf 86' lang='lat' dir='ltr'>considera-</span> 
     </span>
     <span class='ocr_line' id='line_1_4' title="bbox 120 289 1180 321; baseline 0.001 -10"><span class='ocrx_word' id='word_1_23' title='bbox 120 289 192 312; x_wconf 82' lang='lat' dir='ltr'>cionis</span> <span class='ocrx_word' id='word_1_24' title='bbox 207 290 305 320; x_wconf 83' lang='lat' dir='ltr'>intuitu,</span> <span class='ocrx_word' id='word_1_25' title='bbox 323 292 384 314; x_wconf 82' lang='lat' dir='ltr'>circa</span> <span class='ocrx_word' id='word_1_26' title='bbox 399 293 424 315; x_wconf 91' lang='lat' dir='ltr'>id</span> <span class='ocrx_word' id='word_1_27' title='bbox 440 294 557 321; x_wconf 89' lang='lat' dir='ltr'>quantum</span> <span class='ocrx_word' id='word_1_28' title='bbox 574 292 598 314; x_wconf 90' lang='lat' dir='ltr'>in</span> <span class='ocrx_word' id='word_1_29' title='bbox 614 292 682 314; x_wconf 87' lang='lat' dir='ltr'>nobis</span> <span class='ocrx_word' id='word_1_30' title='bbox 698 293 734 313; x_wconf 80' lang='lat' dir='ltr'>est</span> <span class='ocrx_word' id='word_1_31' title='bbox 750 291 853 320; x_wconf 79' lang='lat' dir='ltr'>prospici</span> <span class='ocrx_word' id='word_1_32' title='bbox 870 291 999 320; x_wconf 85' lang='lat' dir='ltr'>cupientes,</span> <span class='ocrx_word' id='word_1_33' title='bbox 1013 291 1037 313; x_wconf 87' lang='lat' dir='ltr'>iu</span> <span class='ocrx_word' id='word_1_34' title='bbox 1053 297 1134 313; x_wconf 88' lang='lat' dir='ltr'>omnes</span> <span class='ocrx_word' id='word_1_35' title='bbox 1155 292 1180 312; x_wconf 86' lang='lat' dir='ltr'>et</span> 
     </span>
     <span class='ocr_line' id='line_1_5' title="bbox 120 318 1180 351; baseline 0.002 -12"><span class='ocrx_word' id='word_1_36' title='bbox 120 318 232 348; x_wconf 82' lang='lat' dir='ltr'>singulos,</span> <span class='ocrx_word' id='word_1_37' title='bbox 242 322 412 351; x_wconf 81' lang='lat' dir='ltr'>cujuscumque</span> <span class='ocrx_word' id='word_1_38' title='bbox 417 322 465 344; x_wconf 86' lang='lat' dir='ltr'>sint</span> <span class='ocrx_word' id='word_1_39' title='bbox 472 321 649 351; x_wconf 77' lang='lat' dir='ltr'>preeminencie,</span> <span class='ocrx_word' id='word_1_40' title='bbox 660 321 792 349; x_wconf 77' lang='lat' dir='ltr'>dignitatis,</span> <span class='ocrx_word' id='word_1_41' title='bbox 799 322 841 343; x_wconf 85' lang='lat' dir='ltr'>aut</span> <span class='ocrx_word' id='word_1_42' title='bbox 848 322 933 349; x_wconf 81' lang='lat' dir='ltr'>status,</span> <span class='ocrx_word' id='word_1_43' title='bbox 944 321 986 349; x_wconf 90' lang='lat' dir='ltr'>qui</span> <span class='ocrx_word' id='word_1_44' title='bbox 996 321 1081 349; x_wconf 79' lang='lat' dir='ltr'>Regem</span> <span class='ocrx_word' id='word_1_45' title='bbox 1090 320 1180 349; x_wconf 86' lang='lat' dir='ltr'>ipsum,</span> 
     </span>
     <span class='ocr_line' id='line_1_6' title="bbox 119 347 1177 381; baseline -0.001 -9"><span class='ocrx_word' id='word_1_46' title='bbox 119 347 234 381; x_wconf 63' lang='lat' dir='ltr'>Regnum,</span> <span class='ocrx_word' id='word_1_47' title='bbox 262 352 286 373; x_wconf 82' lang='lat' dir='ltr'>et</span> <span class='ocrx_word' id='word_1_48' title='bbox 317 352 414 374; x_wconf 79' lang='lat' dir='ltr'><strong>Terram</strong></span> <span class='ocrx_word' id='word_1_49' title='bbox 439 351 569 380; x_wconf 77' lang='lat' dir='ltr'><strong>predictam</strong></span> <span class='ocrx_word' id='word_1_50' title='bbox 590 352 633 373; x_wconf 84' lang='lat' dir='ltr'>aut</span> <span class='ocrx_word' id='word_1_51' title='bbox 658 357 739 372; x_wconf 92' lang='lat' dir='ltr'>eorum</span> <span class='ocrx_word' id='word_1_52' title='bbox 761 352 853 379; x_wconf 82' lang='lat' dir='ltr'>partem</span> <span class='ocrx_word' id='word_1_53' title='bbox 874 350 992 377; x_wconf 78' lang='lat' dir='ltr'>invadere,</span> <span class='ocrx_word' id='word_1_54' title='bbox 1012 350 1049 372; x_wconf 85' lang='lat' dir='ltr'>vel</span> <span class='ocrx_word' id='word_1_55' title='bbox 1071 350 1177 378; x_wconf 79' lang='lat' dir='ltr'>Regnum</span> 
     </span>
     <span class='ocr_line' id='line_1_7' title="bbox 117 379 1180 409; baseline 0.001 -9"><span class='ocrx_word' id='word_1_56' title='bbox 117 384 197 406; x_wconf 73' lang='lat' dir='ltr'>ipsum</span> <span class='ocrx_word' id='word_1_57' title='bbox 230 383 254 404; x_wconf 79' lang='lat' dir='ltr'>et</span> <span class='ocrx_word' id='word_1_58' title='bbox 287 380 390 409; x_wconf 83' lang='lat' dir='ltr'><strong>Terram,</strong></span> <span class='ocrx_word' id='word_1_59' title='bbox 418 382 500 403; x_wconf 89' lang='lat' dir='ltr'>contra</span> <span class='ocrx_word' id='word_1_60' title='bbox 527 381 613 409; x_wconf 73' lang='lat' dir='ltr'>Regem</span> <span class='ocrx_word' id='word_1_61' title='bbox 646 380 756 408; x_wconf 84' lang='lat' dir='ltr'>eundem,</span> <span class='ocrx_word' id='word_1_62' title='bbox 783 387 838 402; x_wconf 84' lang='lat' dir='ltr'>cum</span> <span class='ocrx_word' id='word_1_63' title='bbox 863 380 935 402; x_wconf 82' lang='lat' dir='ltr'>armis</span> <span class='ocrx_word' id='word_1_64' title='bbox 960 379 998 402; x_wconf 92' lang='lat' dir='ltr'>vel</span> <span class='ocrx_word' id='word_1_65' title='bbox 1023 380 1073 402; x_wconf 90' lang='lat' dir='ltr'>sine</span> <span class='ocrx_word' id='word_1_66' title='bbox 1099 379 1180 407; x_wconf 76' lang='lat' dir='ltr'>armiS,</span> 
     </span>
     <span class='ocr_line' id='line_1_8' title="bbox 117 407 1180 439; baseline 0.003 -11"><span class='ocrx_word' id='word_1_67' title='bbox 117 407 204 430; x_wconf 85' lang='lat' dir='ltr'>intrare</span> <span class='ocrx_word' id='word_1_68' title='bbox 229 411 423 439; x_wconf 81' lang='lat' dir='ltr'>presumpserint,</span> <span class='ocrx_word' id='word_1_69' title='bbox 451 412 494 433; x_wconf 83' lang='lat' dir='ltr'>aut</span> <span class='ocrx_word' id='word_1_70' title='bbox 519 410 577 432; x_wconf 87' lang='lat' dir='ltr'>alias</span> <span class='ocrx_word' id='word_1_71' title='bbox 603 416 684 432; x_wconf 91' lang='lat' dir='ltr'>eorum</span> <span class='ocrx_word' id='word_1_72' title='bbox 710 416 791 438; x_wconf 81' lang='lat' dir='ltr'>pacem</span> <span class='ocrx_word' id='word_1_73' title='bbox 817 411 841 431; x_wconf 88' lang='lat' dir='ltr'>et</span> <span class='ocrx_word' id='word_1_74' title='bbox 866 409 1064 438; x_wconf 73' lang='lat' dir='ltr'>tranquillitatem</span> <span class='ocrx_word' id='word_1_75' title='bbox 1091 408 1180 437; x_wconf 75' lang='lat' dir='ltr'>injuste</span> 
     </span>
     <span class='ocr_line' id='line_1_9' title="bbox 117 437 1177 469; baseline 0.001 -11"><span class='ocrx_word' id='word_1_76' title='bbox 117 437 273 468; x_wconf 78' lang='lat' dir='ltr'>turbaverint,</span> <span class='ocrx_word' id='word_1_77' title='bbox 296 447 338 462; x_wconf 86' lang='lat' dir='ltr'>seu</span> <span class='ocrx_word' id='word_1_78' title='bbox 353 440 493 469; x_wconf 84' lang='lat' dir='ltr'>hujusmodi</span> <span class='ocrx_word' id='word_1_79' title='bbox 514 440 677 462; x_wconf 82' lang='lat' dir='ltr'>turbatoribus</span> <span class='ocrx_word' id='word_1_80' title='bbox 698 440 741 461; x_wconf 84' lang='lat' dir='ltr'>aut</span> <span class='ocrx_word' id='word_1_81' title='bbox 758 439 907 461; x_wconf 77' lang='lat' dir='ltr'>invasoribus</span> <span class='ocrx_word' id='word_1_82' title='bbox 928 439 952 461; x_wconf 94' lang='lat' dir='ltr'>in</span> <span class='ocrx_word' id='word_1_83' title='bbox 973 439 1081 467; x_wconf 86' lang='lat' dir='ltr'>pecunia,</span> <span class='ocrx_word' id='word_1_84' title='bbox 1101 438 1177 467; x_wconf 86' lang='lat' dir='ltr'>equis,</span> 
     </span>
     <span class='ocr_line' id='line_1_10' title="bbox 119 467 1179 498; baseline 0.002 -11"><span class='ocrx_word' id='word_1_85' title='bbox 119 467 156 488; x_wconf 91' lang='lat' dir='ltr'>vel</span> <span class='ocrx_word' id='word_1_86' title='bbox 187 470 265 498; x_wconf 85' lang='lat' dir='ltr'>armis,</span> <span class='ocrx_word' id='word_1_87' title='bbox 303 470 340 492; x_wconf 89' lang='lat' dir='ltr'>vel</span> <span class='ocrx_word' id='word_1_88' title='bbox 376 470 437 497; x_wconf 86' lang='lat' dir='ltr'>aliis,</span> <span class='ocrx_word' id='word_1_89' title='bbox 474 469 535 492; x_wconf 90' lang='lat' dir='ltr'>circa</span> <span class='ocrx_word' id='word_1_90' title='bbox 567 469 609 491; x_wconf 89' lang='lat' dir='ltr'>hec</span> <span class='ocrx_word' id='word_1_91' title='bbox 643 468 791 498; x_wconf 86' lang='lat' dir='ltr'>prestiterint</span> <span class='ocrx_word' id='word_1_92' title='bbox 818 468 942 496; x_wconf 87' lang='lat' dir='ltr'>auxilium,</span> <span class='ocrx_word' id='word_1_93' title='bbox 974 468 1108 496; x_wconf 87' lang='lat' dir='ltr'>consilium,</span> <span class='ocrx_word' id='word_1_94' title='bbox 1141 467 1179 489; x_wconf 86' lang='lat' dir='ltr'>vel</span> 
     </span>
     <span class='ocr_line' id='line_1_11' title="bbox 117 496 1181 528; baseline 0.002 -11"><span class='ocrx_word' id='word_1_95' title='bbox 117 496 228 527; x_wconf 80' lang='lat' dir='ltr'>savorem,</span> <span class='ocrx_word' id='word_1_96' title='bbox 268 499 393 528; x_wconf 89' lang='lat' dir='ltr'>publicum</span> <span class='ocrx_word' id='word_1_97' title='bbox 429 499 465 521; x_wconf 81' lang='lat' dir='ltr'>vel</span> <span class='ocrx_word' id='word_1_98' title='bbox 492 499 619 526; x_wconf 86' lang='lat' dir='ltr'>occultum,</span> <span class='ocrx_word' id='word_1_99' title='bbox 657 498 916 520; x_wconf 85' lang='lat' dir='ltr'>Excommunieacionis</span> <span class='ocrx_word' id='word_1_100' title='bbox 947 498 972 520; x_wconf 92' lang='lat' dir='ltr'>in</span> <span class='ocrx_word' id='word_1_101' title='bbox 1004 504 1123 527; x_wconf 82' lang='lat' dir='ltr'>personas,</span> <span class='ocrx_word' id='word_1_102' title='bbox 1156 498 1181 519; x_wconf 86' lang='lat' dir='ltr'>et</span> 
     </span>
     <span class='ocr_line' id='line_1_12' title="bbox 117 525 1178 556; baseline 0.001 -9"><span class='ocrx_word' id='word_1_103' title='bbox 117 525 242 551; x_wconf 79' lang='lat' dir='ltr'>Interdioti</span> <span class='ocrx_word' id='word_1_104' title='bbox 267 529 402 551; x_wconf 86' lang='lat' dir='ltr'>Sentencias</span> <span class='ocrx_word' id='word_1_105' title='bbox 429 529 453 551; x_wconf 90' lang='lat' dir='ltr'>in</span> <span class='ocrx_word' id='word_1_106' title='bbox 486 529 569 550; x_wconf 85' lang='lat' dir='ltr'>Terras</span> <span class='ocrx_word' id='word_1_107' title='bbox 596 535 685 556; x_wconf 86' lang='lat' dir='ltr'>eorum,</span> <span class='ocrx_word' id='word_1_108' title='bbox 721 528 862 550; x_wconf 82' lang='lat' dir='ltr'>auctoritate</span> <span class='ocrx_word' id='word_1_109' title='bbox 894 527 1044 549; x_wconf 86' lang='lat' dir='ltr'>Presencium</span> <span class='ocrx_word' id='word_1_110' title='bbox 1073 526 1178 555; x_wconf 88' lang='lat' dir='ltr'>promul-</span> 
     </span>
     <span class='ocr_line' id='line_1_13' title="bbox 133 556 1179 588; baseline 0.001 -11"><span class='ocrx_word' id='word_1_111' title='bbox 133 556 196 585; x_wconf 87' lang='lat' dir='ltr'>andi,</span> <span class='ocrx_word' id='word_1_112' title='bbox 218 565 232 580; x_wconf 90' lang='lat' dir='ltr'>a</span> <span class='ocrx_word' id='word_1_113' title='bbox 252 565 307 588; x_wconf 87' lang='lat' dir='ltr'>qua,</span> <span class='ocrx_word' id='word_1_114' title='bbox 330 559 435 587; x_wconf 84' lang='lat' dir='ltr'>quidem,</span> <span class='ocrx_word' id='word_1_115' title='bbox 459 557 716 580; x_wconf 84' lang='lat' dir='ltr'>Exeommunicacionis</span> <span class='ocrx_word' id='word_1_116' title='bbox 733 557 864 585; x_wconf 73' lang='lat' dir='ltr'>sentencia,</span> <span class='ocrx_word' id='word_1_117' title='bbox 882 557 932 579; x_wconf 88' lang='lat' dir='ltr'>sine</span> <span class='ocrx_word' id='word_1_118' title='bbox 950 557 1046 586; x_wconf 84' lang='lat' dir='ltr'>speciali</span> <span class='ocrx_word' id='word_1_119' title='bbox 1063 556 1179 579; x_wconf 85' lang='lat' dir='ltr'>Mandato</span> 
     </span>
     <span class='ocr_line' id='line_1_14' title="bbox 133 585 1178 617; baseline 0 -9"><span class='ocrx_word' id='word_1_120' title='bbox 133 585 182 609; x_wconf 77' lang='lat' dir='ltr'>edis</span> <span class='ocrx_word' id='word_1_121' title='bbox 208 588 352 617; x_wconf 87' lang='lat' dir='ltr'>Apostoliee,</span> <span class='ocrx_word' id='word_1_122' title='bbox 380 588 425 610; x_wconf 88' lang='lat' dir='ltr'>nisi</span> <span class='ocrx_word' id='word_1_123' title='bbox 451 588 530 610; x_wconf 84' lang='lat' dir='ltr'>forsan</span> <span class='ocrx_word' id='word_1_124' title='bbox 560 588 584 609; x_wconf 92' lang='lat' dir='ltr'>in</span> <span class='ocrx_word' id='word_1_125' title='bbox 615 587 699 609; x_wconf 81' lang='lat' dir='ltr'>mortis</span> <span class='ocrx_word' id='word_1_126' title='bbox 729 586 837 614; x_wconf 80' lang='lat' dir='ltr'>articulo,</span> <span class='ocrx_word' id='word_1_127' title='bbox 865 586 956 609; x_wconf 90' lang='lat' dir='ltr'>absolvi</span> <span class='ocrx_word' id='word_1_128' title='bbox 986 587 1121 615; x_wconf 85' lang='lat' dir='ltr'>nequeant;</span> <span class='ocrx_word' id='word_1_129' title='bbox 1152 585 1178 608; x_wconf 85' lang='lat' dir='ltr'>in</span> 
     </span>
     <span class='ocr_line' id='line_1_15' title="bbox 116 615 1176 646; baseline -0.003 -6"><span class='ocrx_word' id='word_1_130' title='bbox 116 621 171 644; x_wconf 80' lang='lat' dir='ltr'>quo,</span> <span class='ocrx_word' id='word_1_131' title='bbox 189 617 270 645; x_wconf 80' lang='lat' dir='ltr'>eciam,</span> <span class='ocrx_word' id='word_1_132' title='bbox 288 617 308 640; x_wconf 92' lang='lat' dir='ltr'>si</span> <span class='ocrx_word' id='word_1_133' title='bbox 324 618 412 640; x_wconf 86' lang='lat' dir='ltr'>fuerint</span> <span class='ocrx_word' id='word_1_134' title='bbox 423 617 536 645; x_wconf 84' lang='lat' dir='ltr'>absoluti,</span> <span class='ocrx_word' id='word_1_135' title='bbox 554 619 578 639; x_wconf 80' lang='lat' dir='ltr'>et·</span> <span class='ocrx_word' id='word_1_136' title='bbox 594 618 657 646; x_wconf 82' lang='lat' dir='ltr'>ipsos</span> <span class='ocrx_word' id='word_1_137' title='bbox 674 616 799 644; x_wconf 78' lang='lat' dir='ltr'>contigerit</span> <span class='ocrx_word' id='word_1_138' title='bbox 817 617 914 638; x_wconf 80' lang='lat' dir='ltr'>sanitati</span> <span class='ocrx_word' id='word_1_139' title='bbox 930 616 1033 643; x_wconf 87' lang='lat' dir='ltr'>restitui,</span> <span class='ocrx_word' id='word_1_140' title='bbox 1046 616 1092 638; x_wconf 86' lang='lat' dir='ltr'>nisi</span> <span class='ocrx_word' id='word_1_141' title='bbox 1108 615 1176 638; x_wconf 84' lang='lat' dir='ltr'>satis-</span> 
     </span>
     <span class='ocr_line' id='line_1_16' title="bbox 117 644 1176 675; baseline 0.001 -9"><span class='ocrx_word' id='word_1_142' title='bbox 117 644 215 669; x_wconf 81' lang='lat' dir='ltr'>fecerint</span> <span class='ocrx_word' id='word_1_143' title='bbox 226 647 287 670; x_wconf 76' lang='lat' dir='ltr'>infra</span> <span class='ocrx_word' id='word_1_144' title='bbox 297 654 409 675; x_wconf 86' lang='lat' dir='ltr'>mensem,</span> <span class='ocrx_word' id='word_1_145' title='bbox 422 647 504 670; x_wconf 87' lang='lat' dir='ltr'>eadem</span> <span class='ocrx_word' id='word_1_146' title='bbox 515 647 640 669; x_wconf 86' lang='lat' dir='ltr'>Sentencia</span> <span class='ocrx_word' id='word_1_147' title='bbox 656 653 683 668; x_wconf 88' lang='lat' dir='ltr'>eo</span> <span class='ocrx_word' id='word_1_148' title='bbox 701 646 753 675; x_wconf 88' lang='lat' dir='ltr'>ipso</span> <span class='ocrx_word' id='word_1_149' title='bbox 770 646 889 674; x_wconf 82' lang='lat' dir='ltr'>ligentur;</span> <span class='ocrx_word' id='word_1_150' title='bbox 906 652 996 668; x_wconf 88' lang='lat' dir='ltr'>necnon</span> <span class='ocrx_word' id='word_1_151' title='bbox 1011 645 1041 668; x_wconf 84' lang='lat' dir='ltr'>ad</span> <span class='ocrx_word' id='word_1_152' title='bbox 1052 652 1176 674; x_wconf 88' lang='lat' dir='ltr'>quascum-</span> 
     </span>
     <span class='ocr_line' id='line_1_17' title="bbox 117 674 1180 706; baseline 0 -9"><span class='ocrx_word' id='word_1_153' title='bbox 117 680 162 702; x_wconf 88' lang='lat' dir='ltr'>que</span> <span class='ocrx_word' id='word_1_154' title='bbox 178 676 236 699; x_wconf 81' lang='lat' dir='ltr'>alias</span> <span class='ocrx_word' id='word_1_155' title='bbox 252 684 332 706; x_wconf 87' lang='lat' dir='ltr'>penas,</span> <span class='ocrx_word' id='word_1_156' title='bbox 353 677 489 705; x_wconf 74' lang='lat' dir='ltr'>spirituales</span> <span class='ocrx_word' id='word_1_157' title='bbox 507 678 530 699; x_wconf 82' lang='lat' dir='ltr'>et</span> <span class='ocrx_word' id='word_1_158' title='bbox 551 676 701 704; x_wconf 82' lang='lat' dir='ltr'>temporales,</span> <span class='ocrx_word' id='word_1_159' title='bbox 720 677 801 697; x_wconf 86' lang='lat' dir='ltr'>contra</span> <span class='ocrx_word' id='word_1_160' title='bbox 815 675 868 697; x_wconf 80' lang='lat' dir='ltr'>ilios</span> <span class='ocrx_word' id='word_1_161' title='bbox 885 675 964 697; x_wconf 83' lang='lat' dir='ltr'>debite</span> <span class='ocrx_word' id='word_1_162' title='bbox 980 674 1138 704; x_wconf 84' lang='lat' dir='ltr'>procedendi;</span> <span class='ocrx_word' id='word_1_163' title='bbox 1155 675 1180 696; x_wconf 79' lang='lat' dir='ltr'>et</span> 
     </span>
     <span class='ocr_line' id='line_1_18' title="bbox 116 703 1180 735; baseline -0.001 -8"><span class='ocrx_word' id='word_1_164' title='bbox 116 703 213 734; x_wconf 85' lang='lat' dir='ltr'>iusuper</span> <span class='ocrx_word' id='word_1_165' title='bbox 237 706 376 735; x_wconf 88' lang='lat' dir='ltr'>hujusmodi</span> <span class='ocrx_word' id='word_1_166' title='bbox 396 706 532 729; x_wconf 86' lang='lat' dir='ltr'>Sentencias</span> <span class='ocrx_word' id='word_1_167' title='bbox 553 707 625 734; x_wconf 87' lang='lat' dir='ltr'>atque</span> <span class='ocrx_word' id='word_1_168' title='bbox 646 712 725 734; x_wconf 83' lang='lat' dir='ltr'>penas,</span> <span class='ocrx_word' id='word_1_169' title='bbox 749 705 893 734; x_wconf 86' lang='lat' dir='ltr'>ubicumque</span> <span class='ocrx_word' id='word_1_170' title='bbox 914 706 938 727; x_wconf 88' lang='lat' dir='ltr'>et</span> <span class='ocrx_word' id='word_1_171' title='bbox 963 704 1180 734; x_wconf 80' lang='lat' dir='ltr'>quocienscumque</span> 
     </span>
     <span class='ocr_line' id='line_1_19' title="bbox 115 733 1177 765; baseline -0.001 -9"><span class='ocrx_word' id='word_1_172' title='bbox 115 735 226 763; x_wconf 83' lang='lat' dir='ltr'>expedire</span> <span class='ocrx_word' id='word_1_173' title='bbox 241 736 356 764; x_wconf 84' lang='lat' dir='ltr'>videritis,</span> <span class='ocrx_word' id='word_1_174' title='bbox 369 737 393 758; x_wconf 90' lang='lat' dir='ltr'>et</span> <span class='ocrx_word' id='word_1_175' title='bbox 408 736 519 765; x_wconf 82' lang='lat' dir='ltr'>precipue</span> <span class='ocrx_word' id='word_1_176' title='bbox 538 736 562 757; x_wconf 88' lang='lat' dir='ltr'>in</span> <span class='ocrx_word' id='word_1_177' title='bbox 578 735 635 757; x_wconf 74' lang='lat' dir='ltr'>locis</span> <span class='ocrx_word' id='word_1_178' title='bbox 651 735 777 757; x_wconf 79' lang='lat' dir='ltr'>maritimis</span> <span class='ocrx_word' id='word_1_179' title='bbox 793 741 835 756; x_wconf 87' lang='lat' dir='ltr'>seu</span> <span class='ocrx_word' id='word_1_180' title='bbox 851 735 910 756; x_wconf 89' lang='lat' dir='ltr'>mari</span> <span class='ocrx_word' id='word_1_181' title='bbox 921 734 1012 761; x_wconf 86' lang='lat' dir='ltr'>vicinis,</span> <span class='ocrx_word' id='word_1_182' title='bbox 1025 741 1067 763; x_wconf 87' lang='lat' dir='ltr'>per</span> <span class='ocrx_word' id='word_1_183' title='bbox 1077 740 1127 761; x_wconf 91' lang='lat' dir='ltr'>vos,</span> <span class='ocrx_word' id='word_1_184' title='bbox 1139 733 1177 756; x_wconf 85' lang='lat' dir='ltr'>vel</span> 
     </span>
     <span class='ocr_line' id='line_1_20' title="bbox 116 763 1178 794; baseline 0 -9"><span class='ocrx_word' id='word_1_185' title='bbox 116 763 188 787; x_wconf 86' lang='lat' dir='ltr'>alium</span> <span class='ocrx_word' id='word_1_186' title='bbox 206 772 247 787; x_wconf 87' lang='lat' dir='ltr'>seu</span> <span class='ocrx_word' id='word_1_187' title='bbox 263 766 321 788; x_wconf 88' lang='lat' dir='ltr'>alios</span> <span class='ocrx_word' id='word_1_188' title='bbox 333 766 486 794; x_wconf 79' lang='lat' dir='ltr'>solempniter</span> <span class='ocrx_word' id='word_1_189' title='bbox 496 765 642 794; x_wconf 74' lang='lat' dir='ltr'>publicandi,</span> <span class='ocrx_word' id='word_1_190' title='bbox 659 771 685 786; x_wconf 86' lang='lat' dir='ltr'>ac</span> <span class='ocrx_word' id='word_1_191' title='bbox 702 771 782 786; x_wconf 81' lang='lat' dir='ltr'>omnes</span> <span class='ocrx_word' id='word_1_192' title='bbox 798 765 928 792; x_wconf 79' lang='lat' dir='ltr'>pacciones,</span> <span class='ocrx_word' id='word_1_193' title='bbox 946 763 1111 792; x_wconf 82' lang='lat' dir='ltr'>obligaciones,</span> <span class='ocrx_word' id='word_1_194' title='bbox 1124 770 1178 785; x_wconf 92' lang='lat' dir='ltr'>con-</span> 
     </span>
     <span class='ocr_line' id='line_1_21' title="bbox 116 793 1178 824; baseline 0 -9"><span class='ocrx_word' id='word_1_195' title='bbox 116 793 281 823; x_wconf 83' lang='lat' dir='ltr'>federaciones,</span> <span class='ocrx_word' id='word_1_196' title='bbox 294 797 318 818; x_wconf 88' lang='lat' dir='ltr'>et</span> <span class='ocrx_word' id='word_1_197' title='bbox 329 795 499 824; x_wconf 83' lang='lat' dir='ltr'>colligaciones,</span> <span class='ocrx_word' id='word_1_198' title='bbox 509 795 569 816; x_wconf 87' lang='lat' dir='ltr'>circa</span> <span class='ocrx_word' id='word_1_199' title='bbox 580 794 694 823; x_wconf 73' lang='lat' dir='ltr'>premissa</span> <span class='ocrx_word' id='word_1_200' title='bbox 701 794 737 815; x_wconf 80' lang='lat' dir='ltr'>vel</span> <span class='ocrx_word' id='word_1_201' title='bbox 748 800 829 815; x_wconf 88' lang='lat' dir='ltr'>eorum</span> <span class='ocrx_word' id='word_1_202' title='bbox 841 793 938 822; x_wconf 83' lang='lat' dir='ltr'>aliquod</span> <span class='ocrx_word' id='word_1_203' title='bbox 949 793 1031 821; x_wconf 74' lang='lat' dir='ltr'>factas,</span> <span class='ocrx_word' id='word_1_204' title='bbox 1041 793 1178 821; x_wconf 89' lang='lat' dir='ltr'>juramento</span> 
     </span>
     <span class='ocr_line' id='line_1_22' title="bbox 117 823 1178 854; baseline 0 -10"><span class='ocrx_word' id='word_1_205' title='bbox 117 823 154 845; x_wconf 84' lang='lat' dir='ltr'>vel</span> <span class='ocrx_word' id='word_1_206' title='bbox 175 831 324 854; x_wconf 82' lang='lat' dir='ltr'>quacumque</span> <span class='ocrx_word' id='word_1_207' title='bbox 345 825 457 847; x_wconf 77' lang='lat' dir='ltr'>firmitate</span> <span class='ocrx_word' id='word_1_208' title='bbox 483 825 529 846; x_wconf 82' lang='lat' dir='ltr'>alia</span> <span class='ocrx_word' id='word_1_209' title='bbox 549 824 679 850; x_wconf 82' lang='lat' dir='ltr'>roboratas,</span> <span class='ocrx_word' id='word_1_210' title='bbox 702 823 787 850; x_wconf 76' lang='lat' dir='ltr'>nullas,</span> <span class='ocrx_word' id='word_1_211' title='bbox 816 823 902 851; x_wconf 83' lang='lat' dir='ltr'>irritas,</span> <span class='ocrx_word' id='word_1_212' title='bbox 927 824 951 845; x_wconf 90' lang='lat' dir='ltr'>et</span> <span class='ocrx_word' id='word_1_213' title='bbox 976 823 1066 845; x_wconf 88' lang='lat' dir='ltr'>viribus</span> <span class='ocrx_word' id='word_1_214' title='bbox 1092 829 1178 844; x_wconf 80' lang='lat' dir='ltr'>vacuas</span> 
     </span>
     <span class='ocr_line' id='line_1_23' title="bbox 116 852 1178 882; baseline 0 -8"><span class='ocrx_word' id='word_1_215' title='bbox 116 854 250 882; x_wconf 84' lang='lat' dir='ltr'>nunciandi,</span> <span class='ocrx_word' id='word_1_216' title='bbox 264 854 388 882; x_wconf 86' lang='lat' dir='ltr'>vacuandi,</span> <span class='ocrx_word' id='word_1_217' title='bbox 401 861 443 877; x_wconf 89' lang='lat' dir='ltr'>seu</span> <span class='ocrx_word' id='word_1_218' title='bbox 459 853 612 882; x_wconf 84' lang='lat' dir='ltr'>dissolvendi,</span> <span class='ocrx_word' id='word_1_219' title='bbox 625 853 740 880; x_wconf 80' lang='lat' dir='ltr'>irritandi,</span> <span class='ocrx_word' id='word_1_220' title='bbox 757 855 780 875; x_wconf 89' lang='lat' dir='ltr'>et</span> <span class='ocrx_word' id='word_1_221' title='bbox 797 852 929 880; x_wconf 83' lang='lat' dir='ltr'>revocandi,</span> <span class='ocrx_word' id='word_1_222' title='bbox 942 854 1059 881; x_wconf 83' lang='lat' dir='ltr'>quatenus</span> <span class='ocrx_word' id='word_1_223' title='bbox 1075 852 1104 874; x_wconf 86' lang='lat' dir='ltr'>de</span> <span class='ocrx_word' id='word_1_224' title='bbox 1114 852 1178 874; x_wconf 82' lang='lat' dir='ltr'>facto</span> 
     </span>
     <span class='ocr_line' id='line_1_24' title="bbox 116 882 1180 912; baseline 0 -8"><span class='ocrx_word' id='word_1_225' title='bbox 116 884 287 911; x_wconf 85' lang='lat' dir='ltr'>processerint;</span> <span class='ocrx_word' id='word_1_226' title='bbox 312 890 402 906; x_wconf 88' lang='lat' dir='ltr'>necnon</span> <span class='ocrx_word' id='word_1_227' title='bbox 420 885 444 906; x_wconf 88' lang='lat' dir='ltr'>et</span> <span class='ocrx_word' id='word_1_228' title='bbox 458 884 595 912; x_wconf 78' lang='lat' dir='ltr'>juramenta</span> <span class='ocrx_word' id='word_1_229' title='bbox 615 883 676 904; x_wconf 78' lang='lat' dir='ltr'>circa</span> <span class='ocrx_word' id='word_1_230' title='bbox 693 882 718 904; x_wconf 89' lang='lat' dir='ltr'>id</span> <span class='ocrx_word' id='word_1_231' title='bbox 737 882 844 911; x_wconf 86' lang='lat' dir='ltr'>prestita,</span> <span class='ocrx_word' id='word_1_232' title='bbox 862 884 935 911; x_wconf 84' lang='lat' dir='ltr'>prout</span> <span class='ocrx_word' id='word_1_233' title='bbox 952 882 1081 904; x_wconf 85' lang='lat' dir='ltr'>secundum</span> <span class='ocrx_word' id='word_1_234' title='bbox 1101 882 1180 904; x_wconf 87' lang='lat' dir='ltr'>Deum</span> 
     </span>
     <span class='ocr_line' id='line_1_25' title="bbox 115 911 1177 941; baseline -0.001 -7"><span class='ocrx_word' id='word_1_235' title='bbox 115 913 225 941; x_wconf 83' lang='lat' dir='ltr'>expedire</span> <span class='ocrx_word' id='word_1_236' title='bbox 235 913 350 941; x_wconf 87' lang='lat' dir='ltr'>videritis,</span> <span class='ocrx_word' id='word_1_237' title='bbox 363 913 492 941; x_wconf 85' lang='lat' dir='ltr'>relaxandi,</span> <span class='ocrx_word' id='word_1_238' title='bbox 506 915 529 935; x_wconf 86' lang='lat' dir='ltr'>et</span> <span class='ocrx_word' id='word_1_239' title='bbox 546 913 592 935; x_wconf 86' lang='lat' dir='ltr'>alia</span> <span class='ocrx_word' id='word_1_240' title='bbox 609 919 654 941; x_wconf 79' lang='lat' dir='ltr'>que</span> <span class='ocrx_word' id='word_1_241' title='bbox 672 912 731 934; x_wconf 81' lang='lat' dir='ltr'>circa</span> <span class='ocrx_word' id='word_1_242' title='bbox 747 912 862 940; x_wconf 79' lang='lat' dir='ltr'>premissa</span> <span class='ocrx_word' id='word_1_243' title='bbox 877 913 901 934; x_wconf 85' lang='lat' dir='ltr'>et</span> <span class='ocrx_word' id='word_1_244' title='bbox 917 918 943 933; x_wconf 88' lang='lat' dir='ltr'>ea</span> <span class='ocrx_word' id='word_1_245' title='bbox 954 912 1077 940; x_wconf 85' lang='lat' dir='ltr'>tangencia</span> <span class='ocrx_word' id='word_1_246' title='bbox 1088 911 1177 933; x_wconf 87' lang='lat' dir='ltr'>fuerint</span> 
     </span>
     <span class='ocr_line' id='line_1_26' title="bbox 116 941 1178 971; baseline -0.001 -7"><span class='ocrx_word' id='word_1_247' title='bbox 116 943 240 971; x_wconf 86' lang='lat' dir='ltr'>oportuna,</span> <span class='ocrx_word' id='word_1_248' title='bbox 260 943 381 965; x_wconf 82' lang='lat' dir='ltr'>mediante</span> <span class='ocrx_word' id='word_1_249' title='bbox 398 943 504 971; x_wconf 83' lang='lat' dir='ltr'>justicia,</span> <span class='ocrx_word' id='word_1_250' title='bbox 526 942 633 969; x_wconf 79' lang='lat' dir='ltr'>faciendi,</span> <span class='ocrx_word' id='word_1_251' title='bbox 658 948 704 963; x_wconf 89' lang='lat' dir='ltr'>non</span> <span class='ocrx_word' id='word_1_252' title='bbox 726 941 877 964; x_wconf 78' lang='lat' dir='ltr'>obstantibus</span> <span class='ocrx_word' id='word_1_253' title='bbox 898 941 1088 970; x_wconf 84' lang='lat' dir='ltr'>quibuscumque</span> <span class='ocrx_word' id='word_1_254' title='bbox 1110 941 1178 964; x_wconf 86' lang='lat' dir='ltr'>Com-</span> 
     </span>
     <span class='ocr_line' id='line_1_27' title="bbox 116 970 1177 1001; baseline -0.001 -8"><span class='ocrx_word' id='word_1_255' title='bbox 116 971 275 999; x_wconf 88' lang='lat' dir='ltr'>missionibus,</span> <span class='ocrx_word' id='word_1_256' title='bbox 289 979 361 1001; x_wconf 84' lang='lat' dir='ltr'>super</span> <span class='ocrx_word' id='word_1_257' title='bbox 374 972 486 1001; x_wconf 77' lang='lat' dir='ltr'>predictis</span> <span class='ocrx_word' id='word_1_258' title='bbox 498 972 535 994; x_wconf 87' lang='lat' dir='ltr'>vcl</span> <span class='ocrx_word' id='word_1_259' title='bbox 551 978 631 994; x_wconf 87' lang='lat' dir='ltr'>eorum</span> <span class='ocrx_word' id='word_1_260' title='bbox 648 971 735 1000; x_wconf 75' lang='lat' dir='ltr'>aliquo,</span> <span class='ocrx_word' id='word_1_261' title='bbox 749 971 824 998; x_wconf 73' lang='lat' dir='ltr'>vobiS,</span> <span class='ocrx_word' id='word_1_262' title='bbox 838 972 880 993; x_wconf 85' lang='lat' dir='ltr'>aut</span> <span class='ocrx_word' id='word_1_263' title='bbox 896 970 1044 999; x_wconf 82' lang='lat' dir='ltr'>quibuslibet</span> <span class='ocrx_word' id='word_1_264' title='bbox 1055 970 1108 993; x_wconf 88' lang='lat' dir='ltr'>aliis</span> <span class='ocrx_word' id='word_1_265' title='bbox 1119 970 1177 993; x_wconf 86' lang='lat' dir='ltr'>alias</span> 
     </span>
     <span class='ocr_line' id='line_1_28' title="bbox 115 1000 1177 1031; baseline -0.001 -8"><span class='ocrx_word' id='word_1_266' title='bbox 115 1007 157 1029; x_wconf 84' lang='lat' dir='ltr'>per</span> <span class='ocrx_word' id='word_1_267' title='bbox 183 1008 225 1024; x_wconf 90' lang='lat' dir='ltr'>nos</span> <span class='ocrx_word' id='word_1_268' title='bbox 247 1002 331 1030; x_wconf 85' lang='lat' dir='ltr'>factis;</span> <span class='ocrx_word' id='word_1_269' title='bbox 359 1002 454 1031; x_wconf 79' lang='lat' dir='ltr'>quibus,</span> <span class='ocrx_word' id='word_1_270' title='bbox 477 1003 565 1029; x_wconf 84' lang='lat' dir='ltr'>tamen,</span> <span class='ocrx_word' id='word_1_271' title='bbox 588 1008 629 1029; x_wconf 84' lang='lat' dir='ltr'>per</span> <span class='ocrx_word' id='word_1_272' title='bbox 650 1001 693 1022; x_wconf 83' lang='lat' dir='ltr'>hoc</span> <span class='ocrx_word' id='word_1_273' title='bbox 714 1007 761 1022; x_wconf 89' lang='lat' dir='ltr'>non</span> <span class='ocrx_word' id='word_1_274' title='bbox 782 1000 928 1022; x_wconf 85' lang='lat' dir='ltr'>intendimus</span> <span class='ocrx_word' id='word_1_275' title='bbox 944 1000 1063 1028; x_wconf 72' lang='lat' dir='ltr'>derogare,</span> <span class='ocrx_word' id='word_1_276' title='bbox 1083 1002 1120 1022; x_wconf 87' lang='lat' dir='ltr'>set</span> <span class='ocrx_word' id='word_1_277' title='bbox 1138 1007 1177 1022; x_wconf 77' lang='lat' dir='ltr'>eas</span> 
     </span>
     <span class='ocr_line' id='line_1_29' title="bbox 116 1029 1177 1060; baseline 0 -8"><span class='ocrx_word' id='word_1_278' title='bbox 116 1030 226 1053; x_wconf 89' lang='lat' dir='ltr'>volumus</span> <span class='ocrx_word' id='word_1_279' title='bbox 237 1031 262 1053; x_wconf 90' lang='lat' dir='ltr'>in</span> <span class='ocrx_word' id='word_1_280' title='bbox 278 1038 322 1054; x_wconf 86' lang='lat' dir='ltr'>suo</span> <span class='ocrx_word' id='word_1_281' title='bbox 334 1031 411 1060; x_wconf 86' lang='lat' dir='ltr'>vigore</span> <span class='ocrx_word' id='word_1_282' title='bbox 425 1038 517 1053; x_wconf 85' lang='lat' dir='ltr'>manere</span> <span class='ocrx_word' id='word_1_283' title='bbox 528 1039 533 1059; x_wconf 73' lang='grc' dir='ltr'><strong><em>ς</em></strong></span> <span class='ocrx_word' id='word_1_284' title='bbox 551 1033 593 1053; x_wconf 79' lang='lat' dir='ltr'>aut</span> <span class='ocrx_word' id='word_1_285' title='bbox 604 1031 623 1052; x_wconf 93' lang='lat' dir='ltr'>si</span> <span class='ocrx_word' id='word_1_286' title='bbox 635 1030 754 1059; x_wconf 79' lang='lat' dir='ltr'>aliquibus</span> <span class='ocrx_word' id='word_1_287' title='bbox 765 1037 779 1052; x_wconf 85' lang='lat' dir='ltr'>a</span> <span class='ocrx_word' id='word_1_288' title='bbox 790 1030 849 1052; x_wconf 81' lang='lat' dir='ltr'>Sede</span> <span class='ocrx_word' id='word_1_289' title='bbox 864 1030 1003 1058; x_wconf 79' lang='lat' dir='ltr'>Apostolica</span> <span class='ocrx_word' id='word_1_290' title='bbox 1013 1030 1045 1052; x_wconf 81' lang='lat' dir='ltr'>sit</span> <span class='ocrx_word' id='word_1_291' title='bbox 1056 1029 1177 1052; x_wconf 86' lang='lat' dir='ltr'>indultum</span> 
     </span>
     <span class='ocr_line' id='line_1_30' title="bbox 114 1059 1177 1090; baseline -0.002 -7"><span class='ocrx_word' id='word_1_292' title='bbox 114 1060 159 1082; x_wconf 88' lang='lat' dir='ltr'>sub</span> <span class='ocrx_word' id='word_1_293' title='bbox 170 1067 319 1090; x_wconf 82' lang='lat' dir='ltr'>quacumque</span> <span class='ocrx_word' id='word_1_294' title='bbox 330 1061 406 1083; x_wconf 85' lang='lat' dir='ltr'>forma</span> <span class='ocrx_word' id='word_1_295' title='bbox 414 1061 451 1083; x_wconf 80' lang='lat' dir='ltr'>vel</span> <span class='ocrx_word' id='word_1_296' title='bbox 462 1061 616 1089; x_wconf 84' lang='lat' dir='ltr'>concepcionc</span> <span class='ocrx_word' id='word_1_297' title='bbox 627 1060 760 1086; x_wconf 75' lang='lat' dir='ltr'>verborum,</span> <span class='ocrx_word' id='word_1_298' title='bbox 770 1059 833 1088; x_wconf 79' lang='lat' dir='ltr'>quod</span> <span class='ocrx_word' id='word_1_299' title='bbox 842 1059 1040 1081; x_wconf 81' lang='lat' dir='ltr'>excommunicari</span> <span class='ocrx_word' id='word_1_300' title='bbox 1049 1059 1086 1081; x_wconf 85' lang='lat' dir='ltr'>vel</span> <span class='ocrx_word' id='word_1_301' title='bbox 1094 1066 1177 1081; x_wconf 86' lang='lat' dir='ltr'>eornm</span> 
     </span>
     <span class='ocr_line' id='line_1_31' title="bbox 113 1088 1176 1118; baseline 0 -7"><span class='ocrx_word' id='word_1_302' title='bbox 113 1091 174 1112; x_wconf 83' lang='lat' dir='ltr'>terre</span> <span class='ocrx_word' id='word_1_303' title='bbox 186 1090 350 1113; x_wconf 78' lang='lat' dir='ltr'>Ecclesiastico</span> <span class='ocrx_word' id='word_1_304' title='bbox 368 1091 498 1113; x_wconf 77' lang='lat' dir='ltr'>interdicto</span> <span class='ocrx_word' id='word_1_305' title='bbox 516 1090 618 1118; x_wconf 81' lang='lat' dir='ltr'>supponi</span> <span class='ocrx_word' id='word_1_306' title='bbox 636 1096 683 1111; x_wconf 86' lang='lat' dir='ltr'>non</span> <span class='ocrx_word' id='word_1_307' title='bbox 701 1090 802 1118; x_wconf 81' lang='lat' dir='ltr'>possint,</span> <span class='ocrx_word' id='word_1_308' title='bbox 822 1096 864 1117; x_wconf 81' lang='lat' dir='ltr'>per</span> <span class='ocrx_word' id='word_1_309' title='bbox 881 1089 970 1111; x_wconf 82' lang='lat' dir='ltr'>Literas</span> <span class='ocrx_word' id='word_1_310' title='bbox 987 1088 1054 1111; x_wconf 82' lang='lat' dir='ltr'>Sedis</span> <span class='ocrx_word' id='word_1_311' title='bbox 1070 1089 1176 1117; x_wconf 86' lang='lat' dir='ltr'>ejusdem</span> 
     </span>
     <span class='ocr_line' id='line_1_32' title="bbox 114 1118 1177 1149; baseline -0.001 -8"><span class='ocrx_word' id='word_1_312' title='bbox 114 1125 161 1141; x_wconf 89' lang='lat' dir='ltr'>non</span> <span class='ocrx_word' id='word_1_313' title='bbox 172 1120 284 1142; x_wconf 83' lang='lat' dir='ltr'>facientes</span> <span class='ocrx_word' id='word_1_314' title='bbox 295 1120 389 1149; x_wconf 85' lang='lat' dir='ltr'>plenam</span> <span class='ocrx_word' id='word_1_315' title='bbox 401 1122 425 1142; x_wconf 89' lang='lat' dir='ltr'>et</span> <span class='ocrx_word' id='word_1_316' title='bbox 433 1127 567 1148; x_wconf 78' lang='lat' dir='ltr'>expressam</span> <span class='ocrx_word' id='word_1_317' title='bbox 579 1126 605 1141; x_wconf 91' lang='lat' dir='ltr'>ac</span> <span class='ocrx_word' id='word_1_318' title='bbox 616 1119 645 1141; x_wconf 87' lang='lat' dir='ltr'>de</span> <span class='ocrx_word' id='word_1_319' title='bbox 656 1119 727 1140; x_wconf 78' lang='lat' dir='ltr'>verbo</span> <span class='ocrx_word' id='word_1_320' title='bbox 739 1118 875 1140; x_wconf 78' lang='lat' dir='ltr'>adverbum</span> <span class='ocrx_word' id='word_1_321' title='bbox 887 1118 915 1140; x_wconf 90' lang='lat' dir='ltr'>de</span> <span class='ocrx_word' id='word_1_322' title='bbox 928 1118 1026 1140; x_wconf 86' lang='lat' dir='ltr'>Indulto</span> <span class='ocrx_word' id='word_1_323' title='bbox 1038 1118 1177 1146; x_wconf 82' lang='lat' dir='ltr'>hujusmodi</span> 
     </span>
     <span class='ocr_line' id='line_1_33' title="bbox 114 1148 1177 1179; baseline -0.001 -9"><span class='ocrx_word' id='word_1_324' title='bbox 114 1149 269 1178; x_wconf 83' lang='lat' dir='ltr'>mencionem;</span> <span class='ocrx_word' id='word_1_325' title='bbox 280 1152 304 1172; x_wconf 90' lang='lat' dir='ltr'>et</span> <span class='ocrx_word' id='word_1_326' title='bbox 315 1150 422 1179; x_wconf 85' lang='lat' dir='ltr'>qualibet</span> <span class='ocrx_word' id='word_1_327' title='bbox 433 1149 479 1172; x_wconf 82' lang='lat' dir='ltr'>alia</span> <span class='ocrx_word' id='word_1_328' title='bbox 490 1149 552 1171; x_wconf 82' lang='lat' dir='ltr'>dicte</span> <span class='ocrx_word' id='word_1_329' title='bbox 564 1149 631 1171; x_wconf 80' lang='lat' dir='ltr'>Sedis</span> <span class='ocrx_word' id='word_1_330' title='bbox 643 1148 802 1176; x_wconf 62' lang='lat' dir='ltr'>indulgencia,</span> <span class='ocrx_word' id='word_1_331' title='bbox 816 1148 917 1176; x_wconf 75' lang='lat' dir='ltr'>generali</span> <span class='ocrx_word' id='word_1_332' title='bbox 929 1148 966 1170; x_wconf 86' lang='lat' dir='ltr'>vel</span> <span class='ocrx_word' id='word_1_333' title='bbox 981 1148 1085 1176; x_wconf 82' lang='lat' dir='ltr'>speciali,</span> <span class='ocrx_word' id='word_1_334' title='bbox 1099 1148 1177 1177; x_wconf 79' lang='lat' dir='ltr'>cujus-</span> 
     </span>
     <span class='ocr_line' id='line_1_34' title="bbox 114 1177 1177 1208; baseline -0.001 -7"><span class='ocrx_word' id='word_1_335' title='bbox 114 1185 215 1207; x_wconf 87' lang='lat' dir='ltr'>cumque</span> <span class='ocrx_word' id='word_1_336' title='bbox 232 1179 319 1201; x_wconf 87' lang='lat' dir='ltr'>tenoris</span> <span class='ocrx_word' id='word_1_337' title='bbox 331 1179 368 1201; x_wconf 91' lang='lat' dir='ltr'>vel</span> <span class='ocrx_word' id='word_1_338' title='bbox 386 1179 543 1208; x_wconf 75' lang='lat' dir='ltr'>expressionis</span> <span class='ocrx_word' id='word_1_339' title='bbox 554 1179 649 1205; x_wconf 80' lang='lat' dir='ltr'>existat,</span> <span class='ocrx_word' id='word_1_340' title='bbox 662 1185 704 1207; x_wconf 84' lang='lat' dir='ltr'>per</span> <span class='ocrx_word' id='word_1_341' title='bbox 714 1184 785 1206; x_wconf 88' lang='lat' dir='ltr'>quam</span> <span class='ocrx_word' id='word_1_342' title='bbox 797 1178 894 1200; x_wconf 78' lang='lat' dir='ltr'>effectus</span> <span class='ocrx_word' id='word_1_343' title='bbox 906 1178 1055 1199; x_wconf 87' lang='lat' dir='ltr'>Preseneium</span> <span class='ocrx_word' id='word_1_344' title='bbox 1067 1177 1177 1206; x_wconf 85' lang='lat' dir='ltr'>impediri</span> 
     </span>
     <span class='ocr_line' id='line_1_35' title="bbox 70 1207 1177 1238; baseline -0.001 -8"><span class='ocrx_word' id='word_1_345' title='bbox 70 1225 80 1227; x_wconf 42' lang='lat' dir='ltr'><em>s</em></span> <span class='ocrx_word' id='word_1_346' title='bbox 113 1209 188 1237; x_wconf 85' lang='lat' dir='ltr'>possit</span> <span class='ocrx_word' id='word_1_347' title='bbox 200 1208 236 1231; x_wconf 80' lang='lat' dir='ltr'>vel</span> <span class='ocrx_word' id='word_1_348' title='bbox 247 1209 427 1238; x_wconf 85' lang='lat' dir='ltr'>quomodolibet</span> <span class='ocrx_word' id='word_1_349' title='bbox 438 1208 551 1231; x_wconf 80' lang='lat' dir='ltr'>retardari</span> <span class='ocrx_word' id='word_1_350' title='bbox 562 1216 567 1236; x_wconf 90' lang='lat'>;</span> <span class='ocrx_word' id='word_1_351' title='bbox 580 1208 647 1230; x_wconf 79' lang='lat' dir='ltr'>vobis</span> <span class='ocrx_word' id='word_1_352' title='bbox 666 1209 707 1229; x_wconf 88' lang='lat' dir='ltr'>aut</span> <span class='ocrx_word' id='word_1_353' title='bbox 721 1209 826 1229; x_wconf 85' lang='lat' dir='ltr'>vestrum</span> <span class='ocrx_word' id='word_1_354' title='bbox 843 1207 911 1229; x_wconf 79' lang='lat' dir='ltr'>alteri</span> <span class='ocrx_word' id='word_1_355' title='bbox 927 1207 1021 1235; x_wconf 81' lang='lat' dir='ltr'>plenam</span> <span class='ocrx_word' id='word_1_356' title='bbox 1037 1209 1061 1229; x_wconf 85' lang='lat' dir='ltr'>et</span> <span class='ocrx_word' id='word_1_357' title='bbox 1077 1207 1177 1229; x_wconf 87' lang='lat' dir='ltr'>liberam</span> 
     </span>
     <span class='ocr_line' id='line_1_36' title="bbox 112 1236 1176 1266; baseline -0.001 -6"><span class='ocrx_word' id='word_1_358' title='bbox 112 1238 269 1266; x_wconf 82' lang='lat' dir='ltr'>concedimus,</span> <span class='ocrx_word' id='word_1_359' title='bbox 282 1240 363 1261; x_wconf 86' lang='lat' dir='ltr'>tenore</span> <span class='ocrx_word' id='word_1_360' title='bbox 380 1238 536 1265; x_wconf 83' lang='lat' dir='ltr'>Presencium,</span> <span class='ocrx_word' id='word_1_361' title='bbox 550 1237 818 1260; x_wconf 61' lang='lat' dir='ltr'>facultatem—Datum</span> <span class='ocrx_word' id='word_1_362' title='bbox 831 1237 964 1264; x_wconf 79' lang='lat' dir='ltr'>Avinionie,</span> <span class='ocrx_word' id='word_1_363' title='bbox 983 1237 1040 1265; x_wconf 76' lang='lat' dir='ltr'>iiijto</span> <span class='ocrx_word' id='word_1_364' title='bbox 1056 1236 1176 1259; x_wconf 82' lang='lat' dir='ltr'>Kalendas</span> 
     </span>
     <span class='ocr_line' id='line_1_37' title="bbox 111 1266 899 1296; baseline -0.003 -6"><span class='ocrx_word' id='word_1_365' title='bbox 111 1267 228 1296; x_wconf 79' lang='lat' dir='ltr'>Januarii,</span> <span class='ocrx_word' id='word_1_366' title='bbox 242 1268 398 1290; x_wconf 86' lang='lat' dir='ltr'>Pontificatus</span> <span class='ocrx_word' id='word_1_367' title='bbox 409 1268 483 1290; x_wconf 82' lang='lat' dir='ltr'>nostri</span> <span class='ocrx_word' id='word_1_368' title='bbox 496 1269 565 1290; x_wconf 77' lang='lat' dir='ltr'>Anno</span> <span class='ocrx_word' id='word_1_369' title='bbox 576 1267 684 1289; x_wconf 81' lang='lat' dir='ltr'>Secundo</span> <span class='ocrx_word' id='word_1_370' title='bbox 696 1266 733 1295; x_wconf 77' lang='lat'>[29</span> <span class='ocrx_word' id='word_1_371' title='bbox 746 1267 810 1293; x_wconf 67' lang='lat' dir='ltr'>Dec,</span> <span class='ocrx_word' id='word_1_372' title='bbox 824 1266 899 1295; x_wconf 62' lang='lat'>1:318}</span> 
     </span>
    </p>

    <p class='ocr_par' dir='ltr' id='par_1_3' title="bbox 83 1295 1177 2036">
     <span class='ocr_line' id='line_1_38' title="bbox 83 1295 1175 1326; baseline -0.001 -7"><span class='ocrx_word' id='word_1_373' title='bbox 83 1297 153 1325; x_wconf 75' lang='lat' dir='ltr'>ITEM,</span> <span class='ocrx_word' id='word_1_374' title='bbox 165 1297 286 1320; x_wconf 82' lang='lat' dir='ltr'>Johannes</span> <span class='ocrx_word' id='word_1_375' title='bbox 298 1298 438 1326; x_wconf 77' lang='lat' dir='ltr'>Episcopus,</span> <span class='ocrx_word' id='word_1_376' title='bbox 452 1298 545 1324; x_wconf 70' lang='lat' dir='ltr'>Servus7</span> <span class='ocrx_word' id='word_1_377' title='bbox 559 1298 612 1324; x_wconf 62' lang='lat' dir='ltr'>etc„</span> <span class='ocrx_word' id='word_1_378' title='bbox 626 1296 761 1323; x_wconf 83' lang='lat' dir='ltr'>Gaueelino,</span> <span class='ocrx_word' id='word_1_379' title='bbox 775 1298 819 1318; x_wconf 81' lang='lat' dir='ltr'>etc.</span> <span class='ocrx_word' id='word_1_380' title='bbox 833 1296 868 1325; x_wconf 69' lang='lat' dir='ltr'>[stt</span> <span class='ocrx_word' id='word_1_381' title='bbox 880 1295 1096 1324; x_wconf 53' lang='lat' dir='ltr'>sufflat—Crescit</span> <span class='ocrx_word' id='word_1_382' title='bbox 1107 1296 1175 1318; x_wconf 83' lang='lat' dir='ltr'>facile</span> 
     </span>
     <span class='ocr_line' id='line_1_39' title="bbox 109 1325 1176 1356; baseline -0.001 -7"><span class='ocrx_word' id='word_1_383' title='bbox 109 1326 134 1348; x_wconf 89' lang='lat' dir='ltr'>in</span> <span class='ocrx_word' id='word_1_384' title='bbox 160 1327 293 1349; x_wconf 90' lang='lat' dir='ltr'>inmensum</span> <span class='ocrx_word' id='word_1_385' title='bbox 319 1327 430 1356; x_wconf 80' lang='lat' dir='ltr'>inpunita</span> <span class='ocrx_word' id='word_1_386' title='bbox 454 1327 583 1351; x_wconf 74' lang='lat' dir='ltr'>temeritas,</span> <span class='ocrx_word' id='word_1_387' title='bbox 606 1328 661 1353; x_wconf 87' lang='lat' dir='ltr'>etc.,</span> <span class='ocrx_word' id='word_1_388' title='bbox 686 1327 710 1347; x_wconf 69' lang='lat' dir='ltr'>ut</span> <span class='ocrx_word' id='word_1_389' title='bbox 736 1333 818 1353; x_wconf 65' lang='lat' dir='ltr'>snpra,</span> <span class='ocrx_word' id='word_1_390' title='bbox 842 1325 869 1347; x_wconf 76' lang='lat' dir='ltr'>in</span> <span class='ocrx_word' id='word_1_391' title='bbox 892 1325 977 1347; x_wconf 61' lang='lat' dir='ltr'>ultrum</span> <span class='ocrx_word' id='word_1_392' title='bbox 999 1325 1073 1347; x_wconf 61' lang='lat' dir='ltr'>Bulla</span> <span class='ocrx_word' id='word_1_393' title='bbox 1094 1326 1176 1348; x_wconf 63' lang='lat' dir='ltr'>Primi</span> 
     </span>
     <span class='ocr_line' id='line_1_40' title="bbox 110 1355 1177 1385; baseline -0.001 -6"><span class='ocrx_word' id='word_1_394' title='bbox 110 1356 243 1379; x_wconf 57' lang='lat' dir='ltr'>Processu&amp;</span> <span class='ocrx_word' id='word_1_395' title='bbox 259 1357 336 1379; x_wconf 80' lang='lat' dir='ltr'>—Sane</span> <span class='ocrx_word' id='word_1_396' title='bbox 352 1357 386 1379; x_wconf 85' lang='lat' dir='ltr'>sic</span> <span class='ocrx_word' id='word_1_397' title='bbox 400 1357 529 1385; x_wconf 82' lang='lat' dir='ltr'>prudenter</span> <span class='ocrx_word' id='word_1_398' title='bbox 546 1355 716 1385; x_wconf 71' lang='lat' dir='ltr'>pressindenda</span> <span class='ocrx_word' id='word_1_399' title='bbox 732 1357 788 1377; x_wconf 85' lang='lat' dir='ltr'>sunt</span> <span class='ocrx_word' id='word_1_400' title='bbox 806 1355 916 1377; x_wconf 77' lang='lat' dir='ltr'>scandala</span> <span class='ocrx_word' id='word_1_401' title='bbox 931 1356 959 1377; x_wconf 90' lang='lat' dir='ltr'>nt</span> <span class='ocrx_word' id='word_1_402' title='bbox 976 1355 1103 1377; x_wconf 73' lang='lat' dir='ltr'>succedant</span> <span class='ocrx_word' id='word_1_403' title='bbox 1114 1355 1177 1378; x_wconf 80' lang='lat' dir='ltr'>bona</span> 
     </span>
     <span class='ocr_line' id='line_1_41' title="bbox 110 1384 1174 1415; baseline -0.002 -7"><span class='ocrx_word' id='word_1_404' title='bbox 110 1386 237 1414; x_wconf 78' lang='lat' dir='ltr'>salubrius,</span> <span class='ocrx_word' id='word_1_405' title='bbox 260 1386 379 1415; x_wconf 84' lang='lat' dir='ltr'>quodque,</span> <span class='ocrx_word' id='word_1_406' title='bbox 402 1386 483 1408; x_wconf 78' lang='lat' dir='ltr'>votivo</span> <span class='ocrx_word' id='word_1_407' title='bbox 501 1385 643 1407; x_wconf 80' lang='lat' dir='ltr'>offendiculo</span> <span class='ocrx_word' id='word_1_408' title='bbox 664 1386 792 1413; x_wconf 73' lang='lat' dir='ltr'>segregato,</span> <span class='ocrx_word' id='word_1_409' title='bbox 812 1384 903 1406; x_wconf 83' lang='lat' dir='ltr'>facilior</span> <span class='ocrx_word' id='word_1_410' title='bbox 922 1386 1028 1406; x_wconf 81' lang='lat' dir='ltr'>occurrat</span> <span class='ocrx_word' id='word_1_411' title='bbox 1045 1384 1125 1407; x_wconf 86' lang='lat' dir='ltr'>aditus</span> <span class='ocrx_word' id='word_1_412' title='bbox 1143 1385 1174 1407; x_wconf 86' lang='lat' dir='ltr'>ad</span> 
     </span>
     <span class='ocr_line' id='line_1_42' title="bbox 111 1414 1174 1444; baseline -0.001 -6"><span class='ocrx_word' id='word_1_413' title='bbox 111 1417 200 1444; x_wconf 84' lang='lat' dir='ltr'>optata.</span> <span class='ocrx_word' id='word_1_414' title='bbox 233 1416 398 1443; x_wconf 84' lang='lat' dir='ltr'>Attendentes,</span> <span class='ocrx_word' id='word_1_415' title='bbox 417 1416 504 1444; x_wconf 82' lang='lat' dir='ltr'>itaque,</span> <span class='ocrx_word' id='word_1_416' title='bbox 517 1415 582 1444; x_wconf 80' lang='lat' dir='ltr'>quod</span> <span class='ocrx_word' id='word_1_417' title='bbox 594 1415 709 1437; x_wconf 74' lang='lat' dir='ltr'>Dominus</span> <span class='ocrx_word' id='word_1_418' title='bbox 721 1416 806 1441; x_wconf 76' lang='lat' dir='ltr'>noster,</span> <span class='ocrx_word' id='word_1_419' title='bbox 821 1414 932 1436; x_wconf 78' lang='lat' dir='ltr'>Summus</span> <span class='ocrx_word' id='word_1_420' title='bbox 950 1414 1068 1441; x_wconf 81' lang='lat' dir='ltr'>Pontifex,</span> <span class='ocrx_word' id='word_1_421' title='bbox 1081 1414 1174 1443; x_wconf 83' lang='lat' dir='ltr'>salutis,</span> 
     </span>
     <span class='ocr_line' id='line_1_43' title="bbox 111 1443 1173 1474; baseline -0.002 -7"><span class='ocrx_word' id='word_1_422' title='bbox 111 1445 182 1474; x_wconf 86' lang='lat' dir='ltr'>pacis,</span> <span class='ocrx_word' id='word_1_423' title='bbox 205 1446 229 1468; x_wconf 86' lang='lat' dir='ltr'>et</span> <span class='ocrx_word' id='word_1_424' title='bbox 246 1446 369 1468; x_wconf 82' lang='lat' dir='ltr'>concordie</span> <span class='ocrx_word' id='word_1_425' title='bbox 386 1445 491 1467; x_wconf 74' lang='lat' dir='ltr'>illustris</span> <span class='ocrx_word' id='word_1_426' title='bbox 508 1445 578 1473; x_wconf 73' lang='lat' dir='ltr'>Regis</span> <span class='ocrx_word' id='word_1_427' title='bbox 590 1444 682 1473; x_wconf 79' lang='lat' dir='ltr'>Anglie,</span> <span class='ocrx_word' id='word_1_428' title='bbox 697 1444 830 1472; x_wconf 77' lang='lat' dir='ltr'>Regnorum</span> <span class='ocrx_word' id='word_1_429' title='bbox 842 1445 865 1465; x_wconf 89' lang='lat' dir='ltr'>et</span> <span class='ocrx_word' id='word_1_430' title='bbox 878 1443 986 1465; x_wconf 77' lang='lat' dir='ltr'>l&#39;arcium</span> <span class='ocrx_word' id='word_1_431' title='bbox 1003 1444 1173 1472; x_wconf 86' lang='lat' dir='ltr'>predictorum,</span> 
     </span>
     <span class='ocr_line' id='line_1_44' title="bbox 110 1473 1174 1504; baseline -0.001 -7"><span class='ocrx_word' id='word_1_432' title='bbox 110 1481 136 1497; x_wconf 86' lang='lat' dir='ltr'>ac</span> <span class='ocrx_word' id='word_1_433' title='bbox 147 1475 277 1497; x_wconf 86' lang='lat' dir='ltr'>incolarum</span> <span class='ocrx_word' id='word_1_434' title='bbox 289 1475 402 1504; x_wconf 83' lang='lat' dir='ltr'>ipsarum,</span> <span class='ocrx_word' id='word_1_435' title='bbox 415 1475 502 1497; x_wconf 79' lang='lat' dir='ltr'>zelator</span> <span class='ocrx_word' id='word_1_436' title='bbox 512 1475 648 1503; x_wconf 70' lang='lat' dir='ltr'>precipuus,</span> <span class='ocrx_word' id='word_1_437' title='bbox 661 1474 691 1495; x_wconf 90' lang='lat' dir='ltr'>ad</span> <span class='ocrx_word' id='word_1_438' title='bbox 702 1480 729 1495; x_wconf 88' lang='lat' dir='ltr'>ea</span> <span class='ocrx_word' id='word_1_439' title='bbox 740 1480 782 1495; x_wconf 85' lang='lat' dir='ltr'>nos</span> <span class='ocrx_word' id='word_1_440' title='bbox 793 1473 883 1495; x_wconf 76' lang='lat' dir='ltr'>miserit</span> <span class='ocrx_word' id='word_1_441' title='bbox 895 1480 940 1501; x_wconf 84' lang='lat' dir='ltr'>quc</span> <span class='ocrx_word' id='word_1_442' title='bbox 956 1475 1013 1495; x_wconf 85' lang='lat' dir='ltr'>sunt</span> <span class='ocrx_word' id='word_1_443' title='bbox 1023 1473 1118 1495; x_wconf 88' lang='lat' dir='ltr'>honoris</span> <span class='ocrx_word' id='word_1_444' title='bbox 1129 1474 1174 1496; x_wconf 91' lang='lat' dir='ltr'>Dei</span> 
     </span>
     <span class='ocr_line' id='line_1_45' title="bbox 110 1503 1174 1533; baseline -0.002 -6"><span class='ocrx_word' id='word_1_445' title='bbox 110 1505 135 1526; x_wconf 79' lang='lat' dir='ltr'>et</span> <span class='ocrx_word' id='word_1_446' title='bbox 155 1505 260 1527; x_wconf 80' lang='lat' dir='ltr'>Romane</span> <span class='ocrx_word' id='word_1_447' title='bbox 281 1505 392 1533; x_wconf 85' lang='lat' dir='ltr'>Ecclesie,</span> <span class='ocrx_word' id='word_1_448' title='bbox 416 1512 442 1526; x_wconf 90' lang='lat' dir='ltr'>ac</span> <span class='ocrx_word' id='word_1_449' title='bbox 463 1506 541 1526; x_wconf 89' lang='lat' dir='ltr'>status</span> <span class='ocrx_word' id='word_1_450' title='bbox 563 1504 653 1532; x_wconf 83' lang='lat' dir='ltr'>pacifici</span> <span class='ocrx_word' id='word_1_451' title='bbox 675 1505 699 1525; x_wconf 77' lang='lat' dir='ltr'>et</span> <span class='ocrx_word' id='word_1_452' title='bbox 720 1503 843 1531; x_wconf 88' lang='lat' dir='ltr'>tranquilli</span> <span class='ocrx_word' id='word_1_453' title='bbox 862 1503 931 1531; x_wconf 81' lang='lat' dir='ltr'>Regis</span> <span class='ocrx_word' id='word_1_454' title='bbox 952 1504 976 1525; x_wconf 88' lang='lat' dir='ltr'>et</span> <span class='ocrx_word' id='word_1_455' title='bbox 993 1503 1128 1532; x_wconf 82' lang='lat' dir='ltr'>Regnorum</span> <span class='ocrx_word' id='word_1_456' title='bbox 1147 1510 1174 1525; x_wconf 86' lang='lat' dir='ltr'>ac</span> 
     </span>
     <span class='ocr_line' id='line_1_46' title="bbox 111 1532 1172 1563; baseline -0.001 -7"><span class='ocrx_word' id='word_1_457' title='bbox 111 1533 219 1556; x_wconf 82' lang='lat' dir='ltr'>Parcium</span> <span class='ocrx_word' id='word_1_458' title='bbox 237 1534 366 1556; x_wconf 83' lang='lat' dir='ltr'>incolarum</span> <span class='ocrx_word' id='word_1_459' title='bbox 377 1534 547 1563; x_wconf 82' lang='lat' dir='ltr'>predictorum,</span> <span class='ocrx_word' id='word_1_460' title='bbox 560 1540 610 1560; x_wconf 73' lang='lat' dir='ltr'>nos,</span> <span class='ocrx_word' id='word_1_461' title='bbox 625 1539 746 1562; x_wconf 79' lang='lat' dir='ltr'>precavere</span> <span class='ocrx_word' id='word_1_462' title='bbox 758 1532 863 1554; x_wconf 80' lang='lat' dir='ltr'>volentes</span> <span class='ocrx_word' id='word_1_463' title='bbox 875 1539 903 1554; x_wconf 81' lang='lat' dir='ltr'>ne</span> <span class='ocrx_word' id='word_1_464' title='bbox 914 1539 1051 1560; x_wconf 81' lang='lat' dir='ltr'>guerrarum</span> <span class='ocrx_word' id='word_1_465' title='bbox 1062 1533 1172 1555; x_wconf 84' lang='lat' dir='ltr'>turbaeio</span> 
     </span>
     <span class='ocr_line' id='line_1_47' title="bbox 109 1562 1172 1592; baseline -0.001 -6"><span class='ocrx_word' id='word_1_466' title='bbox 109 1570 156 1592; x_wconf 91' lang='lat' dir='ltr'>que</span> <span class='ocrx_word' id='word_1_467' title='bbox 166 1563 227 1586; x_wconf 87' lang='lat' dir='ltr'>solet</span> <span class='ocrx_word' id='word_1_468' title='bbox 238 1564 358 1586; x_wconf 84' lang='lat' dir='ltr'>interdum</span> <span class='ocrx_word' id='word_1_469' title='bbox 369 1563 394 1585; x_wconf 95' lang='lat' dir='ltr'>in</span> <span class='ocrx_word' id='word_1_470' title='bbox 404 1563 493 1586; x_wconf 83' lang='lat' dir='ltr'>talibus</span> <span class='ocrx_word' id='word_1_471' title='bbox 505 1564 586 1585; x_wconf 75' lang='lat' dir='ltr'>afferre</span> <span class='ocrx_word' id='word_1_472' title='bbox 597 1562 730 1591; x_wconf 76' lang='lat' dir='ltr'>periculum</span> <span class='ocrx_word' id='word_1_473' title='bbox 743 1562 864 1583; x_wconf 80' lang='lat' dir='ltr'>Processui</span> <span class='ocrx_word' id='word_1_474' title='bbox 876 1564 963 1589; x_wconf 85' lang='lat' dir='ltr'>nostro,</span> <span class='ocrx_word' id='word_1_475' title='bbox 977 1569 1047 1590; x_wconf 79' lang='lat' dir='ltr'>super</span> <span class='ocrx_word' id='word_1_476' title='bbox 1058 1562 1172 1591; x_wconf 86' lang='lat' dir='ltr'>injunctis</span> 
     </span>
     <span class='ocr_line' id='line_1_48' title="bbox 109 1591 1171 1622; baseline -0.001 -7"><span class='ocrx_word' id='word_1_477' title='bbox 109 1593 177 1615; x_wconf 84' lang='lat' dir='ltr'>nobis</span> <span class='ocrx_word' id='word_1_478' title='bbox 193 1600 207 1615; x_wconf 90' lang='lat' dir='ltr'>a</span> <span class='ocrx_word' id='word_1_479' title='bbox 218 1593 277 1616; x_wconf 85' lang='lat' dir='ltr'>Sede</span> <span class='ocrx_word' id='word_1_480' title='bbox 288 1593 434 1622; x_wconf 85' lang='lat' dir='ltr'>Apostolica,</span> <span class='ocrx_word' id='word_1_481' title='bbox 447 1594 471 1615; x_wconf 85' lang='lat' dir='ltr'>et</span> <span class='ocrx_word' id='word_1_482' title='bbox 482 1593 543 1615; x_wconf 86' lang='lat' dir='ltr'>circa</span> <span class='ocrx_word' id='word_1_483' title='bbox 553 1592 675 1621; x_wconf 33' lang='lat' dir='ltr'>eafflquffll</span> <span class='ocrx_word' id='word_1_484' title='bbox 685 1591 875 1620; x_wconf 82' lang='lat' dir='ltr'>&#39;absit—aliquid</span> <span class='ocrx_word' id='word_1_485' title='bbox 892 1591 1040 1614; x_wconf 85' lang='lat' dir='ltr'>difficultatis</span> <span class='ocrx_word' id='word_1_486' title='bbox 1057 1593 1171 1620; x_wconf 85' lang='lat' dir='ltr'>opponat,</span> 
     </span>
     <span class='ocr_line' id='line_1_49' title="bbox 109 1621 1172 1652; baseline -0.001 -7"><span class='ocrx_word' id='word_1_487' title='bbox 109 1629 199 1645; x_wconf 85' lang='lat' dir='ltr'>necnon</span> <span class='ocrx_word' id='word_1_488' title='bbox 211 1623 331 1645; x_wconf 83' lang='lat' dir='ltr'>Mandatis</span> <span class='ocrx_word' id='word_1_489' title='bbox 342 1622 487 1652; x_wconf 83' lang='lat' dir='ltr'>Apostolicis</span> <span class='ocrx_word' id='word_1_490' title='bbox 503 1622 627 1644; x_wconf 82' lang='lat' dir='ltr'>humiliter</span> <span class='ocrx_word' id='word_1_491' title='bbox 643 1621 738 1643; x_wconf 84' lang='lat' dir='ltr'>obedire</span> <span class='ocrx_word' id='word_1_492' title='bbox 757 1622 780 1643; x_wconf 85' lang='lat' dir='ltr'>et</span> <span class='ocrx_word' id='word_1_493' title='bbox 797 1621 904 1649; x_wconf 84' lang='lat' dir='ltr'>injuncta</span> <span class='ocrx_word' id='word_1_494' title='bbox 920 1621 988 1643; x_wconf 83' lang='lat' dir='ltr'>nobis</span> <span class='ocrx_word' id='word_1_495' title='bbox 1004 1622 1028 1643; x_wconf 92' lang='lat' dir='ltr'>in</span> <span class='ocrx_word' id='word_1_496' title='bbox 1045 1621 1088 1644; x_wconf 83' lang='lat' dir='ltr'>hac</span> <span class='ocrx_word' id='word_1_497' title='bbox 1104 1623 1172 1650; x_wconf 80' lang='lat' dir='ltr'>parte</span> 
     </span>
     <span class='ocr_line' id='line_1_50' title="bbox 109 1651 1171 1681; baseline -0.003 -6"><span class='ocrx_word' id='word_1_498' title='bbox 109 1652 233 1675; x_wconf 82' lang='lat' dir='ltr'>efficaciter</span> <span class='ocrx_word' id='word_1_499' title='bbox 248 1653 341 1681; x_wconf 82' lang='lat' dir='ltr'>exequi,</span> <span class='ocrx_word' id='word_1_500' title='bbox 354 1655 382 1675; x_wconf 91' lang='lat' dir='ltr'>ut</span> <span class='ocrx_word' id='word_1_501' title='bbox 394 1654 517 1678; x_wconf 75' lang='lat' dir='ltr'>tenemur3</span> <span class='ocrx_word' id='word_1_502' title='bbox 534 1659 595 1679; x_wconf 88' lang='lat' dir='ltr'>cum,</span> <span class='ocrx_word' id='word_1_503' title='bbox 609 1651 761 1673; x_wconf 74' lang='lat' dir='ltr'>consideratis</span> <span class='ocrx_word' id='word_1_504' title='bbox 773 1651 959 1672; x_wconf 81' lang='lat' dir='ltr'>circumstanciis</span> <span class='ocrx_word' id='word_1_505' title='bbox 969 1651 1087 1679; x_wconf 87' lang='lat' dir='ltr'>plurimis,</span> <span class='ocrx_word' id='word_1_506' title='bbox 1100 1651 1171 1673; x_wconf 84' lang='lat' dir='ltr'>infra-</span> 
     </span>
     <span class='ocr_line' id='line_1_51' title="bbox 108 1680 1171 1711; baseline -0.001 -7"><span class='ocrx_word' id='word_1_507' title='bbox 108 1682 196 1711; x_wconf 87' lang='lat' dir='ltr'>scripta</span> <span class='ocrx_word' id='word_1_508' title='bbox 213 1682 263 1704; x_wconf 88' lang='lat' dir='ltr'>fieri</span> <span class='ocrx_word' id='word_1_509' title='bbox 281 1682 365 1704; x_wconf 88' lang='lat' dir='ltr'>debere</span> <span class='ocrx_word' id='word_1_510' title='bbox 382 1682 450 1704; x_wconf 88' lang='lat' dir='ltr'>nobis</span> <span class='ocrx_word' id='word_1_511' title='bbox 467 1681 618 1710; x_wconf 77' lang='lat' dir='ltr'>expedieneia</span> <span class='ocrx_word' id='word_1_512' title='bbox 634 1680 767 1707; x_wconf 74' lang='lat' dir='ltr'>videantur,</span> <span class='ocrx_word' id='word_1_513' title='bbox 781 1682 833 1702; x_wconf 88' lang='lat' dir='ltr'>tum</span> <span class='ocrx_word' id='word_1_514' title='bbox 850 1680 906 1709; x_wconf 82' lang='lat' dir='ltr'>quia</span> <span class='ocrx_word' id='word_1_515' title='bbox 923 1680 1037 1702; x_wconf 88' lang='lat' dir='ltr'>nonnulla</span> <span class='ocrx_word' id='word_1_516' title='bbox 1049 1681 1131 1703; x_wconf 79' lang='lat' dir='ltr'>Castra</span> <span class='ocrx_word' id='word_1_517' title='bbox 1147 1682 1171 1703; x_wconf 87' lang='lat' dir='ltr'>et</span> 
     </span>
     <span class='ocr_line' id='line_1_52' title="bbox 108 1710 1170 1740; baseline -0.002 -6"><span class='ocrx_word' id='word_1_518' title='bbox 108 1711 172 1734; x_wconf 84' lang='lat' dir='ltr'>Ville</span> <span class='ocrx_word' id='word_1_519' title='bbox 183 1711 258 1740; x_wconf 80' lang='lat' dir='ltr'>Regni</span> <span class='ocrx_word' id='word_1_520' title='bbox 273 1713 297 1734; x_wconf 85' lang='lat' dir='ltr'>et</span> <span class='ocrx_word' id='word_1_521' title='bbox 308 1712 378 1734; x_wconf 85' lang='lat' dir='ltr'>Terre</span> <span class='ocrx_word' id='word_1_522' title='bbox 394 1711 552 1740; x_wconf 87' lang='lat' dir='ltr'>predictorum</span> <span class='ocrx_word' id='word_1_523' title='bbox 570 1718 596 1732; x_wconf 88' lang='lat' dir='ltr'>ac</span> <span class='ocrx_word' id='word_1_524' title='bbox 615 1710 691 1739; x_wconf 76' lang='lat' dir='ltr'>gentis</span> <span class='ocrx_word' id='word_1_525' title='bbox 702 1710 772 1738; x_wconf 71' lang='lat' dir='ltr'>Regis</span> <span class='ocrx_word' id='word_1_526' title='bbox 784 1710 889 1738; x_wconf 83' lang='lat' dir='ltr'>ejusdem</span> <span class='ocrx_word' id='word_1_527' title='bbox 902 1710 986 1738; x_wconf 84' lang='lat' dir='ltr'>Anglie</span> <span class='ocrx_word' id='word_1_528' title='bbox 1002 1717 1044 1738; x_wconf 87' lang='lat' dir='ltr'>per</span> <span class='ocrx_word' id='word_1_529' title='bbox 1054 1710 1170 1739; x_wconf 84' lang='lat' dir='ltr'>quosdam</span> 
     </span>
     <span class='ocr_line' id='line_1_53' title="bbox 107 1739 1169 1770; baseline -0.001 -7"><span class='ocrx_word' id='word_1_530' title='bbox 107 1741 188 1764; x_wconf 88' lang='lat' dir='ltr'>invasa</span> <span class='ocrx_word' id='word_1_531' title='bbox 204 1741 293 1764; x_wconf 84' lang='lat' dir='ltr'>fuerint</span> <span class='ocrx_word' id='word_1_532' title='bbox 309 1741 418 1770; x_wconf 86' lang='lat' dir='ltr'>nequiter</span> <span class='ocrx_word' id='word_1_533' title='bbox 442 1742 465 1763; x_wconf 86' lang='lat' dir='ltr'>et</span> <span class='ocrx_word' id='word_1_534' title='bbox 482 1747 597 1769; x_wconf 76' lang='lat' dir='ltr'>aggressa,</span> <span class='ocrx_word' id='word_1_535' title='bbox 621 1747 646 1761; x_wconf 84' lang='lat' dir='ltr'>ac</span> <span class='ocrx_word' id='word_1_536' title='bbox 664 1739 832 1761; x_wconf 79' lang='lat' dir='ltr'>nichilominus</span> <span class='ocrx_word' id='word_1_537' title='bbox 851 1741 981 1768; x_wconf 84' lang='lat' dir='ltr'>occupata;</span> <span class='ocrx_word' id='word_1_538' title='bbox 1008 1741 1068 1767; x_wconf 83' lang='lat' dir='ltr'>tuin,</span> <span class='ocrx_word' id='word_1_539' title='bbox 1088 1740 1169 1768; x_wconf 79' lang='lat' dir='ltr'>eciam,</span> 
     </span>
     <span class='ocr_line' id='line_1_54' title="bbox 109 1768 1171 1799; baseline -0.001 -6"><span class='ocrx_word' id='word_1_540' title='bbox 109 1771 165 1799; x_wconf 86' lang='lat' dir='ltr'>quia</span> <span class='ocrx_word' id='word_1_541' title='bbox 182 1770 262 1793; x_wconf 87' lang='lat' dir='ltr'>invadi</span> <span class='ocrx_word' id='word_1_542' title='bbox 280 1778 306 1793; x_wconf 88' lang='lat' dir='ltr'>ac</span> <span class='ocrx_word' id='word_1_543' title='bbox 322 1770 417 1799; x_wconf 80' lang='lat' dir='ltr'>aggredi</span> <span class='ocrx_word' id='word_1_544' title='bbox 434 1772 458 1793; x_wconf 88' lang='lat' dir='ltr'>et</span> <span class='ocrx_word' id='word_1_545' title='bbox 474 1770 583 1798; x_wconf 86' lang='lat' dir='ltr'>occupari</span> <span class='ocrx_word' id='word_1_546' title='bbox 601 1769 756 1798; x_wconf 78' lang='lat' dir='ltr'>periculosius</span> <span class='ocrx_word' id='word_1_547' title='bbox 772 1768 937 1797; x_wconf 72' lang='lat' dir='ltr'>formidantur,</span> <span class='ocrx_word' id='word_1_548' title='bbox 951 1771 1022 1797; x_wconf 88' lang='lat' dir='ltr'>prout</span> <span class='ocrx_word' id='word_1_549' title='bbox 1033 1769 1076 1791; x_wconf 87' lang='lat' dir='ltr'>hec</span> <span class='ocrx_word' id='word_1_550' title='bbox 1087 1770 1117 1791; x_wconf 85' lang='lat' dir='ltr'>ad</span> <span class='ocrx_word' id='word_1_551' title='bbox 1128 1776 1171 1792; x_wconf 87' lang='lat' dir='ltr'>nos</span> 
     </span>
     <span class='ocr_line' id='line_1_55' title="bbox 109 1798 1170 1829; baseline -0.001 -7"><span class='ocrx_word' id='word_1_552' title='bbox 109 1801 172 1823; x_wconf 80' lang='lat' dir='ltr'>fama</span> <span class='ocrx_word' id='word_1_553' title='bbox 182 1800 282 1829; x_wconf 87' lang='lat' dir='ltr'>pertulit</span> <span class='ocrx_word' id='word_1_554' title='bbox 292 1800 459 1829; x_wconf 88' lang='lat' dir='ltr'>plurimorum,</span> <span class='ocrx_word' id='word_1_555' title='bbox 472 1801 496 1822; x_wconf 87' lang='lat' dir='ltr'>et</span> <span class='ocrx_word' id='word_1_556' title='bbox 503 1801 627 1828; x_wconf 80' lang='lat' dir='ltr'>propterea</span> <span class='ocrx_word' id='word_1_557' title='bbox 638 1799 702 1828; x_wconf 82' lang='lat' dir='ltr'>pacis</span> <span class='ocrx_word' id='word_1_558' title='bbox 711 1801 734 1821; x_wconf 90' lang='lat' dir='ltr'>et</span> <span class='ocrx_word' id='word_1_559' title='bbox 746 1798 867 1820; x_wconf 87' lang='lat' dir='ltr'>concordie</span> <span class='ocrx_word' id='word_1_560' title='bbox 879 1799 1052 1827; x_wconf 84' lang='lat' dir='ltr'>prosecucionis</span> <span class='ocrx_word' id='word_1_561' title='bbox 1064 1799 1170 1827; x_wconf 86' lang='lat' dir='ltr'>injuncte</span> 
     </span>
     <span class='ocr_line' id='line_1_56' title="bbox 107 1828 1167 1858; baseline -0.001 -6"><span class='ocrx_word' id='word_1_562' title='bbox 107 1829 176 1852; x_wconf 85' lang='lat' dir='ltr'>nobis</span> <span class='ocrx_word' id='word_1_563' title='bbox 187 1837 233 1852; x_wconf 89' lang='lat' dir='ltr'>non</span> <span class='ocrx_word' id='word_1_564' title='bbox 244 1831 280 1852; x_wconf 90' lang='lat' dir='ltr'>est</span> <span class='ocrx_word' id='word_1_565' title='bbox 290 1830 392 1852; x_wconf 86' lang='lat' dir='ltr'>dubium</span> <span class='ocrx_word' id='word_1_566' title='bbox 403 1829 534 1858; x_wconf 88' lang='lat' dir='ltr'>impediant</span> <span class='ocrx_word' id='word_1_567' title='bbox 545 1829 641 1851; x_wconf 81' lang='lat' dir='ltr'>effectus</span> <span class='ocrx_word' id='word_1_568' title='bbox 651 1846 656 1856; x_wconf 97' lang='lat'>,</span> <span class='ocrx_word' id='word_1_569' title='bbox 674 1835 797 1850; x_wconf 86' lang='lat' dir='ltr'>monemus</span> <span class='ocrx_word' id='word_1_570' title='bbox 805 1828 953 1850; x_wconf 79' lang='lat' dir='ltr'>Auctoritate</span> <span class='ocrx_word' id='word_1_571' title='bbox 964 1828 1071 1857; x_wconf 84' lang='lat' dir='ltr'>predicta</span> <span class='ocrx_word' id='word_1_572' title='bbox 1082 1828 1167 1857; x_wconf 87' lang='lat' dir='ltr'>primo,</span> 
     </span>
     <span class='ocr_line' id='line_1_57' title="bbox 109 1857 1170 1888; baseline -0.001 -7"><span class='ocrx_word' id='word_1_573' title='bbox 109 1859 219 1887; x_wconf 89' lang='lat' dir='ltr'>secundo,</span> <span class='ocrx_word' id='word_1_574' title='bbox 237 1860 317 1888; x_wconf 85' lang='lat' dir='ltr'>tercio,</span> <span class='ocrx_word' id='word_1_575' title='bbox 336 1861 360 1882; x_wconf 89' lang='lat' dir='ltr'>et</span> <span class='ocrx_word' id='word_1_576' title='bbox 375 1859 541 1888; x_wconf 86' lang='lat' dir='ltr'>peremptorie,</span> <span class='ocrx_word' id='word_1_577' title='bbox 560 1866 586 1880; x_wconf 85' lang='lat' dir='ltr'>ac</span> <span class='ocrx_word' id='word_1_578' title='bbox 604 1860 684 1880; x_wconf 87' lang='lat' dir='ltr'>tenore</span> <span class='ocrx_word' id='word_1_579' title='bbox 704 1858 852 1879; x_wconf 85' lang='lat' dir='ltr'>Presencium</span> <span class='ocrx_word' id='word_1_580' title='bbox 872 1857 1009 1880; x_wconf 87' lang='lat' dir='ltr'>salubribus</span> <span class='ocrx_word' id='word_1_581' title='bbox 1026 1858 1050 1880; x_wconf 88' lang='lat' dir='ltr'>in</span> <span class='ocrx_word' id='word_1_582' title='bbox 1067 1858 1170 1881; x_wconf 88' lang='lat' dir='ltr'>Domino</span> 
     </span>
     <span class='ocr_line' id='line_1_58' title="bbox 108 1887 1169 1916; baseline -0.001 -5"><span class='ocrx_word' id='word_1_583' title='bbox 108 1889 205 1911; x_wconf 87' lang='lat' dir='ltr'>monitis</span> <span class='ocrx_word' id='word_1_584' title='bbox 226 1889 381 1911; x_wconf 83' lang='lat' dir='ltr'>exhortamur</span> <span class='ocrx_word' id='word_1_585' title='bbox 402 1889 513 1911; x_wconf 89' lang='lat' dir='ltr'>Nobilem</span> <span class='ocrx_word' id='word_1_586' title='bbox 535 1888 628 1915; x_wconf 80' lang='lat' dir='ltr'>Virum,</span> <span class='ocrx_word' id='word_1_587' title='bbox 652 1887 784 1909; x_wconf 81' lang='lat' dir='ltr'>Robertum</span> <span class='ocrx_word' id='word_1_588' title='bbox 808 1887 836 1908; x_wconf 89' lang='lat' dir='ltr'>de</span> <span class='ocrx_word' id='word_1_589' title='bbox 863 1887 931 1915; x_wconf 83' lang='lat' dir='ltr'>Brus,</span> <span class='ocrx_word' id='word_1_590' title='bbox 960 1887 1068 1916; x_wconf 82' lang='lat' dir='ltr'>Regnum</span> <span class='ocrx_word' id='word_1_591' title='bbox 1088 1888 1169 1910; x_wconf 86' lang='lat' dir='ltr'>Scocie</span> 
     </span>
     <span class='ocr_line' id='line_1_59' title="bbox 108 1917 1169 1947; baseline -0.002 -7"><span class='ocrx_word' id='word_1_592' title='bbox 108 1918 286 1947; x_wconf 83' lang='lat' dir='ltr'>gubernantem,</span> <span class='ocrx_word' id='word_1_593' title='bbox 299 1925 389 1940; x_wconf 84' lang='lat' dir='ltr'>necnon</span> <span class='ocrx_word' id='word_1_594' title='bbox 401 1925 481 1940; x_wconf 80' lang='lat' dir='ltr'>omnes</span> <span class='ocrx_word' id='word_1_595' title='bbox 497 1920 521 1940; x_wconf 82' lang='lat' dir='ltr'>et</span> <span class='ocrx_word' id='word_1_596' title='bbox 533 1917 638 1946; x_wconf 81' lang='lat' dir='ltr'>singulos</span> <span class='ocrx_word' id='word_1_597' title='bbox 650 1917 854 1945; x_wconf 69' lang='lat' dir='ltr'>Archiepiscop08‚</span> <span class='ocrx_word' id='word_1_598' title='bbox 870 1917 1005 1945; x_wconf 86' lang='lat' dir='ltr'>Episcopos,</span> <span class='ocrx_word' id='word_1_599' title='bbox 1018 1918 1042 1939; x_wconf 87' lang='lat' dir='ltr'>et</span> <span class='ocrx_word' id='word_1_600' title='bbox 1054 1917 1169 1946; x_wconf 78' lang='lat' dir='ltr'>Prelatos,</span> 
     </span>
     <span class='ocr_line' id='line_1_60' title="bbox 108 1946 1167 1976; baseline -0.001 -6"><span class='ocrx_word' id='word_1_601' title='bbox 108 1950 132 1970; x_wconf 75' lang='lat' dir='ltr'>et</span> <span class='ocrx_word' id='word_1_602' title='bbox 144 1948 256 1970; x_wconf 88' lang='lat' dir='ltr'>Personas</span> <span class='ocrx_word' id='word_1_603' title='bbox 265 1948 440 1970; x_wconf 80' lang='lat' dir='ltr'>Ecclesiasticas</span> <span class='ocrx_word' id='word_1_604' title='bbox 447 1954 617 1976; x_wconf 69' lang='lat' dir='ltr'>quascumque,</span> <span class='ocrx_word' id='word_1_605' title='bbox 628 1953 756 1975; x_wconf 80' lang='lat' dir='ltr'>omnesque</span> <span class='ocrx_word' id='word_1_606' title='bbox 767 1948 791 1968; x_wconf 86' lang='lat' dir='ltr'>et</span> <span class='ocrx_word' id='word_1_607' title='bbox 801 1946 907 1974; x_wconf 83' lang='lat' dir='ltr'>singulos</span> <span class='ocrx_word' id='word_1_608' title='bbox 917 1946 1047 1974; x_wconf 80' lang='lat' dir='ltr'>Magnates,</span> <span class='ocrx_word' id='word_1_609' title='bbox 1059 1946 1167 1974; x_wconf 87' lang='lat' dir='ltr'>Nobiles,</span> 
     </span>
     <span class='ocr_line' id='line_1_61' title="bbox 108 1976 1172 2006; baseline 0 -7"><span class='ocrx_word' id='word_1_610' title='bbox 108 1979 132 1999; x_wconf 89' lang='lat' dir='ltr'>et</span> <span class='ocrx_word' id='word_1_611' title='bbox 140 1978 259 2006; x_wconf 83' lang='lat' dir='ltr'>quoslibet</span> <span class='ocrx_word' id='word_1_612' title='bbox 270 1978 335 2005; x_wconf 78' lang='lat' dir='ltr'>alios,</span> <span class='ocrx_word' id='word_1_613' title='bbox 349 1978 483 2006; x_wconf 78' lang='lat' dir='ltr'>Regnorum</span> <span class='ocrx_word' id='word_1_614' title='bbox 496 1977 580 2004; x_wconf 65' lang='lat' dir='ltr'>Anglie</span> <span class='ocrx_word' id='word_1_615' title='bbox 591 1978 615 1998; x_wconf 89' lang='lat' dir='ltr'>et</span> <span class='ocrx_word' id='word_1_616' title='bbox 623 1976 702 1999; x_wconf 80' lang='lat' dir='ltr'>Scocie</span> <span class='ocrx_word' id='word_1_617' title='bbox 710 1978 734 1998; x_wconf 86' lang='lat' dir='ltr'>et</span> <span class='ocrx_word' id='word_1_618' title='bbox 745 1976 853 1997; x_wconf 79' lang='lat' dir='ltr'>Parcium</span> <span class='ocrx_word' id='word_1_619' title='bbox 866 1976 1024 2004; x_wconf 84' lang='lat' dir='ltr'>predictorum</span> <span class='ocrx_word' id='word_1_620' title='bbox 1037 1976 1133 2004; x_wconf 87' lang='lat' dir='ltr'>incolas,</span> <span class='ocrx_word' id='word_1_621' title='bbox 1147 1978 1172 1999; x_wconf 88' lang='lat' dir='ltr'>et</span> 
     </span>
     <span class='ocr_line' id='line_1_62' title="bbox 108 2006 1170 2036; baseline -0.001 -7"><span class='ocrx_word' id='word_1_622' title='bbox 108 2014 269 2036; x_wconf 89' lang='lat' dir='ltr'>quoscumque</span> <span class='ocrx_word' id='word_1_623' title='bbox 281 2007 339 2029; x_wconf 89' lang='lat' dir='ltr'>alios</span> <span class='ocrx_word' id='word_1_624' title='bbox 347 2007 480 2035; x_wconf 83' lang='lat' dir='ltr'>Regnorum</span> <span class='ocrx_word' id='word_1_625' title='bbox 491 2009 515 2029; x_wconf 88' lang='lat' dir='ltr'>et</span> <span class='ocrx_word' id='word_1_626' title='bbox 525 2007 651 2028; x_wconf 76' lang='lat' dir='ltr'>Terrarum</span> <span class='ocrx_word' id='word_1_627' title='bbox 659 2013 684 2027; x_wconf 71' lang='lat' dir='ltr'>ac</span> <span class='ocrx_word' id='word_1_628' title='bbox 694 2006 801 2027; x_wconf 78' lang='lat' dir='ltr'>Parcium</span> <span class='ocrx_word' id='word_1_629' title='bbox 810 2012 1022 2034; x_wconf 84' lang='lat' dir='ltr'>quorumcumque,</span> <span class='ocrx_word' id='word_1_630' title='bbox 1036 2006 1170 2034; x_wconf 82' lang='lat' dir='ltr'>cujuscum-</span> 
     </span>
    </p>

    <p class='ocr_par' dir='ltr' id='par_1_4' title="bbox 20 2035 1171 2154">
     <span class='ocr_line' id='line_1_63' title="bbox 20 2035 1169 2066; baseline -0.002 -7"><span class='ocrx_word' id='word_1_631' title='bbox 20 2038 157 2065; x_wconf 57' lang='lat' dir='ltr'>tollamque</span> <span class='ocrx_word' id='word_1_632' title='bbox 168 2037 216 2059; x_wconf 86' lang='lat' dir='ltr'>sint</span> <span class='ocrx_word' id='word_1_633' title='bbox 227 2037 404 2066; x_wconf 83' lang='lat' dir='ltr'>preeminencie,</span> <span class='ocrx_word' id='word_1_634' title='bbox 416 2036 547 2065; x_wconf 65' lang='lat' dir='ltr'>dignitatis,</span> <span class='ocrx_word' id='word_1_635' title='bbox 567 2035 724 2062; x_wconf 76' lang='lat' dir='ltr'>auctoritatis,</span> <span class='ocrx_word' id='word_1_636' title='bbox 737 2035 889 2062; x_wconf 81' lang='lat' dir='ltr'>condicionis,</span> <span class='ocrx_word' id='word_1_637' title='bbox 907 2036 950 2057; x_wconf 87' lang='lat' dir='ltr'>aut</span> <span class='ocrx_word' id='word_1_638' title='bbox 966 2037 1052 2063; x_wconf 74' lang='lat' dir='ltr'>status,</span> <span class='ocrx_word' id='word_1_639' title='bbox 1070 2035 1169 2064; x_wconf 86' lang='lat' dir='ltr'>ipsaque</span> 
     </span>
     <span class='ocr_line' id='line_1_64' title="bbox 107 2064 1166 2095; baseline -0.002 -7"><span class='ocrx_word' id='word_1_640' title='bbox 107 2066 159 2095; x_wconf 72' lang='lat' dir='ltr'>(sic)</span> <span class='ocrx_word' id='word_1_641' title='bbox 168 2066 314 2095; x_wconf 83' lang='lat' dir='ltr'>injungimus</span> <span class='ocrx_word' id='word_1_642' title='bbox 321 2067 352 2093; x_wconf 84' lang='lat' dir='ltr'>et,</span> <span class='ocrx_word' id='word_1_643' title='bbox 361 2068 442 2088; x_wconf 85' lang='lat' dir='ltr'>tenore</span> <span class='ocrx_word' id='word_1_644' title='bbox 450 2066 607 2092; x_wconf 80' lang='lat' dir='ltr'>Presencium,</span> <span class='ocrx_word' id='word_1_645' title='bbox 618 2065 753 2087; x_wconf 82' lang='lat' dir='ltr'>inhibemus</span> <span class='ocrx_word' id='word_1_646' title='bbox 762 2064 826 2093; x_wconf 86' lang='lat' dir='ltr'>quod</span> <span class='ocrx_word' id='word_1_647' title='bbox 833 2064 1014 2087; x_wconf 73' lang='lat' dir='ltr'>Serenissimum</span> <span class='ocrx_word' id='word_1_648' title='bbox 1024 2065 1166 2093; x_wconf 76' lang='lat' dir='ltr'>Principem,</span> 
     </span>
     <span class='ocr_line' id='line_1_65' title="bbox 106 2094 1170 2123; baseline -0.002 -6"><span class='ocrx_word' id='word_1_649' title='bbox 106 2095 235 2119; x_wconf 86' lang='lat' dir='ltr'>Dominum</span> <span class='ocrx_word' id='word_1_650' title='bbox 246 2095 397 2123; x_wconf 82' lang='lat' dir='ltr'>Edwardum,</span> <span class='ocrx_word' id='word_1_651' title='bbox 410 2095 453 2117; x_wconf 89' lang='lat' dir='ltr'>Dei</span> <span class='ocrx_word' id='word_1_652' title='bbox 464 2095 541 2123; x_wconf 76' lang='lat' dir='ltr'>gracia</span> <span class='ocrx_word' id='word_1_653' title='bbox 553 2095 639 2123; x_wconf 78' lang='lat' dir='ltr'>Regem</span> <span class='ocrx_word' id='word_1_654' title='bbox 656 2094 748 2123; x_wconf 78' lang='lat' dir='ltr'>Anglie,</span> <span class='ocrx_word' id='word_1_655' title='bbox 761 2095 803 2116; x_wconf 83' lang='lat' dir='ltr'>aut</span> <span class='ocrx_word' id='word_1_656' title='bbox 814 2094 922 2122; x_wconf 83' lang='lat' dir='ltr'>Regnum</span> <span class='ocrx_word' id='word_1_657' title='bbox 934 2094 1026 2123; x_wconf 85' lang='lat' dir='ltr'>Anglie,</span> <span class='ocrx_word' id='word_1_658' title='bbox 1040 2095 1063 2116; x_wconf 87' lang='lat' dir='ltr'>et</span> <span class='ocrx_word' id='word_1_659' title='bbox 1074 2095 1170 2117; x_wconf 84' lang='lat' dir='ltr'>Terram</span> 
     </span>
     <span class='ocr_line' id='line_1_66' title="bbox 108 2123 1171 2154; baseline -0.002 -6"><span class='ocrx_word' id='word_1_660' title='bbox 108 2131 176 2148; x_wconf 84' lang='lat' dir='ltr'>suam</span> <span class='ocrx_word' id='word_1_661' title='bbox 190 2125 329 2154; x_wconf 76' lang='lat' dir='ltr'>predictam,</span> <span class='ocrx_word' id='word_1_662' title='bbox 342 2126 384 2148; x_wconf 86' lang='lat' dir='ltr'>aut</span> <span class='ocrx_word' id='word_1_663' title='bbox 398 2131 480 2147; x_wconf 87' lang='lat' dir='ltr'>eorum</span> <span class='ocrx_word' id='word_1_664' title='bbox 494 2126 586 2154; x_wconf 86' lang='lat' dir='ltr'>partem</span> <span class='ocrx_word' id='word_1_665' title='bbox 599 2124 718 2147; x_wconf 84' lang='lat' dir='ltr'>hostiliter</span> <span class='ocrx_word' id='word_1_666' title='bbox 729 2123 846 2151; x_wconf 85' lang='lat' dir='ltr'>invadere,</span> <span class='ocrx_word' id='word_1_667' title='bbox 867 2123 904 2146; x_wconf 87' lang='lat' dir='ltr'>vel</span> <span class='ocrx_word' id='word_1_668' title='bbox 916 2123 1023 2152; x_wconf 80' lang='lat' dir='ltr'>Regnum</span> <span class='ocrx_word' id='word_1_669' title='bbox 1041 2123 1126 2152; x_wconf 84' lang='lat' dir='ltr'>Anglie</span> <span class='ocrx_word' id='word_1_670' title='bbox 1147 2125 1171 2146; x_wconf 85' lang='lat' dir='ltr'>et</span> 
     </span>
    </p>
   </div>
  </div>
 </body>
</html>
