1328 2295
48 174 128 210 1⁷18>
272 186 346 212 THE
372 187 550 213 REGISTER
577 188 623 214 or
649 188 785 215 BISHOP
812 187 1041 214 srAPELDON.

109 263 229 294 Magister
239 264 364 288 Robertus
373 265 459 288 Bonde
471 265 533 289 dicit
542 266 610 296 quod
621 266 819 296 Examinatores,
828 274 873 297 pro
883 265 973 296 majori
981 266 1059 296 parte,
1069 262 1214 287 examinant

143 298 221 319 testes
238 305 314 327 super
330 297 445 328 pluribus
458 298 577 322 Articulis
594 299 750 329 conjunctim
762 301 789 323 et
800 299 908 322 confuse.
944 298 1020 327 Dicit,
1038 297 1124 325 eciam,
1144 294 1213 325 quod

142 329 256 359 Magistri
276 330 299 353 J.
318 330 349 353 de
370 330 523 354 Northecote
540 333 566 354 et
583 332 611 355 R.
632 332 741 355 Giffarde
753 333 804 355 duo
832 333 949 355 exercent
971 330 1068 359 officia3
1096 331 1212 358 uterque,

143 361 267 391 videlicet,
290 363 399 386 officium
423 363 545 387 Advocati
571 366 597 387 et
627 364 814 393 Procuratoris;
842 365 960 395 quodque
986 362 1106 393 Mag-ister
1129 361 1157 384 E.
1182 359 1214 383 de

141 394 294 425 Teignemue
305 395 370 426 gerit
381 396 432 419 duo
444 396 530 426 officia,
542 397 659 420 videlicet
671 397 855 420 Examinatoris
867 400 893 420 et
905 395 1082 420 Procuratoris.

111 426 230 457 Magister
251 428 372 451 Ricardus
394 428 503 452 Giffarde
526 429 595 458 dicit,
616 430 759 459 requisitus,
780 430 848 460 quod
867 430 917 453 duo
937 429 1009 452 solidi
1029 426 1214 452 consueverunt

143 459 206 483 solvi
240 468 285 490 pro
319 461 488 484 insinuacione
522 462 684 486 Testamenti.
735 462 783 486 Cui
817 462 957 485 debeantur
990 461 1106 491 ignorat3
1144 457 1213 495 dicit,

144 494 237 522 tamen,
286 494 354 523 quod
398 493 500 517 clericus
546 495 656 525 Registri
701 503 742 519 eos
786 495 894 526 recipere
939 494 1076 518 consuevit.
1139 491 1216 519 Dicit,

144 525 228 554 eciam,
258 526 341 556 quoad
372 526 563 550 Examinatores
591 527 657 551 sicut
685 528 713 551 R.
744 528 831 551 Bonde
859 527 974 558 predixit.
1029 526 1104 555 Dicit,
1130 524 1215 552 eciam,

143 558 212 588 quod
243 559 433 582 Examinatores
468 559 588 583 differunt
624 560 758 591 aliquando
795 560 936 584 examinare
966 561 1044 583 testes
1083 563 1215 588 quousque

143 590 279 614 habuerint
290 591 378 615 salaria
390 600 433 622 pre
445 592 569 622 manibus,
580 595 606 616 et
617 601 661 624 pro
672 593 784 624 quolibet
796 596 868 621 teste,
892 594 1020 623 quotquot
1031 591 1214 622 producuntur,

143 622 192 653 vjd.
207 631 251 653 pro
269 632 302 654 se,
323 626 350 647 et
367 632 448 648 unum
466 625 597 649 denarium
614 634 659 656 pro
677 626 763 649 clerico
781 633 867 649 eorum
885 625 1009 649 scribente
1021 624 1088 648 dicta
1099 622 1211 650 testium,

143 656 276 686 recipiunt.
315 657 445 686 Quantum
463 658 593 681 consuevit
612 659 688 689 recipi
700 661 759 682 ante
771 661 872 689 tempus
884 658 991 681 istorum
1004 656 1213 681 Examinatorum

142 688 209 716 dicit,
222 697 247 712 se
264 689 341 713 nichil
359 690 427 720 scire,
441 698 469 714 eo
481 691 549 720 quod
566 691 610 714 diu
620 692 684 715 vidit
701 692 762 715 istos
775 691 965 715 Examinatores
982 693 1007 714 et
1019 698 1070 713 non
1082 689 1142 712 alios
1155 696 1161 717 ;
1179 689 1211 716 et,

143 721 207 751 ideo,
229 730 261 745 an
281 730 336 746 mos
358 723 479 753 antiquus
499 724 532 747 sit
549 724 696 747 observatus
713 725 817 755 ignorat.
853 724 891 747 De
910 723 1031 747 Articulis
1051 720 1215 752 tangentibus

143 754 293 784 Advocatos,
309 755 371 779 dicit
382 756 451 785 quod
462 756 525 780 bene
537 765 580 787 per
592 757 676 780 omnia
687 765 712 780 se
728 757 829 780 habent.
864 757 939 785 Dicit,
959 756 1044 785 eciam,
1065 755 1096 778 de
1108 761 1213 778 numero

143 787 338 815 Advocatorum,
368 789 437 819 quod
465 791 510 818 est,
540 797 585 813 nec
613 790 663 813 fuit
691 793 804 820 ternpore
832 797 885 818 suo,
911 791 995 812 certus
1018 795 1146 816 numerus,
1174 787 1214 809 set

143 819 278 850 aliquando
298 821 386 851 major,
407 821 541 852 aliquando
561 822 650 846 minor.
690 823 726 846 De
744 830 848 846 numero
860 823 1055 846 Procuratorum
1072 820 1135 844 dicit
1146 818 1215 850 quod

144 852 278 883 aliquando
290 854 378 884 major,
391 854 525 884 aliquando
543 855 631 882 minor,
647 858 670 878 et
685 856 753 885 quod
765 863 815 878 non
828 857 866 878 est
879 857 962 878 certus
974 861 1100 877 numerus.
1136 851 1212 880 Dicit,

145 885 229 915 eciam,
249 894 293 916 pro
311 894 343 915 se,
363 887 432 917 quod
449 889 487 910 est
499 888 655 916 Procurator,
676 891 700 910 vt
713 888 847 918 aliquando
859 887 950 918 allegat
961 887 1019 918 jura
1030 894 1074 917 pro
1086 887 1157 916 parte
1169 892 1214 908 sua

144 918 210 941 sicut
221 918 310 942 melius
322 919 423 942 videtur
432 919 479 943 sibi
490 920 632 951 expediens,
642 921 658 944 J
662 921 732 944 udice
744 921 863 944 audiente
874 923 899 943 et
912 920 1082 951 permittente.
1118 918 1214 941 Eodem

144 951 219 974 modo
238 951 335 975 faciunt
354 952 469 982 Magistri
485 953 512 976 R.
533 953 564 976 de
586 953 764 984 Chuddeleghe
787 956 813 976 et
834 954 861 976 R.
882 953 913 976 de
933 952 1093 976 Northecote.
1137 950 1213 980 Dicit,

144 983 230 1011 eciam,
251 985 320 1014 quod
337 985 456 1016 Magister
474 985 501 1009 E.
521 986 552 1009 de
570 986 712 1016 Tegnemue
730 986 803 1009 stetit
822 986 848 1009 in
869 986 969 1009 duobus
989 984 1081 1014 officiis,
1098 983 1214 1007 videlicet

144 1016 329 1040 Examinatoris
349 1017 375 1040 et
394 1018 571 1042 Procuratoris.
607 1019 681 1047 Dicit,
706 1019 791 1047 eciam,
812 1019 881 1049 quod
901 1019 928 1042 T.
946 1018 1047 1048 Lukeys
1070 1019 1109 1040 est
1130 1016 1212 1039 taber-

143 1049 228 1073 narius
254 1050 369 1080 puplicus
389 1052 415 1074 et
432 1051 530 1081 puplice
551 1055 649 1075 exercet
666 1052 782 1075 tabernas
799 1054 825 1075 et
841 1051 993 1081 frequenter.
1031 1050 1106 1077 Dicit,
1127 1049 1212 1078 eciam,

145 1083 214 1112 qnod
232 1083 263 1106 N.
283 1083 314 1106 de
327 1083 485 1106 Durneforde
502 1084 647 1114 negociatur
664 1085 769 1107 emendo
787 1087 813 1108 et
830 1084 962 1107 vendendo
979 1083 1037 1106 vina
1049 1084 1076 1106 et
1087 1082 1147 1105 alias
1164 1089 1210 1104 res.

144 1114 218 1143 Dicit,
240 1115 325 1145 eciam,
347 1116 415 1145 quod
439 1116 560 1140 Officiales
581 1117 819 1141 Archidiuconorum
840 1116 958 1140 Tottonie
981 1118 1006 1139 et
1025 1114 1212 1144 Barnastapolie

144 1147 270 1171 dederunt
286 1150 312 1171 et
329 1151 496 1172 exercuerunt
519 1150 727 1173 Jurisdiccionem
744 1150 770 1173 in
784 1149 893 1173 Ecclesia
905 1148 1048 1173 Cathedrali
1059 1147 1131 1171 Beati
1144 1146 1212 1170 Petri

143 1178 292 1204 Exoniensis
310 1181 376 1204 inter
393 1182 509 1205 subditos
526 1190 591 1212 suos,
621 1185 647 1205 et
664 1183 731 1213 quod
749 1183 829 1206 citant
851 1183 938 1205 Partes
961 1182 993 1204 ad
1016 1180 1212 1211 comparendum

143 1212 244 1242 ibidem,
254 1215 280 1236 et
287 1214 415 1244 prefigunt
422 1214 540 1238 Partibus
549 1215 614 1238 diem
623 1215 716 1238 ibidem
728 1222 733 1241 ς
747 1218 772 1238 et
783 1214 1079 1238 OfllcialisArchidiaconi
1088 1212 1213 1237 Cornubie

143 1245 229 1269 taliter
248 1246 316 1269 facit.
351 1247 393 1270 An
411 1247 453 1270 ille
473 1247 541 1271 locus
561 1248 595 1271 sit
615 1251 686 1271 extra
708 1248 915 1271 Jurisdiccionem
932 1255 1004 1270 suam
1019 1246 1122 1277 ignorat.

111 1277 137 1301 T.
152 1278 183 1301 de
196 1279 338 1302 Lichefelde
356 1279 418 1303 dicit
435 1280 509 1310 quod,
528 1280 549 1304 si
562 1281 641 1304 Cause
654 1283 772 1304 maneant
784 1281 827 1304 diu
840 1280 866 1303 in
879 1287 1005 1310 suspenso,
1025 1287 1076 1302 non
1088 1279 1120 1302 ob
1132 1277 1212 1301 defec-

145 1313 200 1334 tum
213 1310 231 1334 J
232 1312 336 1335 udicum
348 1315 387 1336 set
396 1313 511 1336 Parcium
524 1314 609 1344 pocius
619 1313 665 1336 hoc
677 1314 768 1337 existit.
805 1312 881 1342 Dicit,
892 1313 978 1340 eciam,
995 1312 1062 1343 quod
1074 1311 1139 1334 vidit
1150 1310 1213 1334 solvi

143 1343 180 1374 ijs.
195 1352 239 1374 pro
252 1345 398 1375 probacione
408 1345 569 1375 Testamenti,
581 1348 606 1369 et
619 1346 721 1369 clericus
731 1346 840 1377 Registri
852 1354 893 1369 eos
905 1345 1004 1376 recepit.
1040 1344 1116 1373 Dicit,
1126 1343 1213 1371 eciam,

143 1377 211 1406 quod
239 1377 265 1400 iu
294 1378 404 1407 quadam
427 1378 508 1402 Causa
531 1379 714 1409 Appellacionis
736 1379 803 1402 inter
831 1378 970 1402 Dominum
999 1377 1211 1400 Archidiaconum

144 1409 277 1438 Cornubie,
302 1410 403 1434 Partem
426 1411 593 1441 Appellatam,
623 1414 648 1435 et
671 1412 809 1435 Dominum
832 1411 974 1435 ,Iohannem
1002 1409 1080 1439 Traci,
1110 1409 1212 1432 Partem

143 1442 328 1472 Appellantem,
365 1443 470 1467 fuerunt
504 1444 694 1475 interrogatoria
722 1444 816 1467 tradita
845 1442 1073 1472 Examinatoribus,
1111 1444 1138 1465 et
1165 1441 1213 1472 ipsi

144 1474 335 1499 Examinatores
362 1476 447 1499 minus
485 1477 558 1507 plene
593 1477 770 1500 examinarunt
797 1478 875 1500 testes
904 1475 979 1506 juxta
1012 1474 1208 1505 interrogatoria.

144 1507 218 1537 Item,
238 1508 300 1531 dicit
319 1509 388 1539 quod
411 1509 609 1536 Examinatores.
631 1510 656 1533 in
678 1509 915 1533 Examinacionibus
934 1509 993 1538 suis,
1014 1508 1095 1539 primo
1115 1507 1213 1531 faciunt

143 1540 304 1570 prothocolla,
325 1543 352 1564 et
368 1543 455 1571 postea
472 1542 550 1572 redigi
562 1542 659 1566 faciunt
677 1551 720 1573 per
731 1542 848 1566 clericum
861 1549 936 1565 suum
948 1541 974 1564 in
984 1541 1117 1570 mundum,
1140 1542 1166 1563 et
1176 1539 1212 1563 ibi

143 1575 227 1603 posset
244 1574 383 1604 periculum
400 1574 536 1599 imminere.
573 1575 648 1604 Dicit,
666 1575 751 1605 eciam,
773 1575 841 1605 quod
855 1574 1044 1598 Examinatores
1060 1574 1153 1604 petunt
1164 1572 1212 1596 sibi

143 1605 259 1629 satisfieri
276 1607 306 1630 de
324 1607 411 1630 salario
429 1610 487 1630 ante
505 1607 723 1631 examinacionem.
760 1608 833 1637 Item,
852 1607 913 1631 dicit
931 1607 999 1638 qnod
1010 1606 1076 1630 vidit
1092 1605 1155 1629 solvi
1166 1613 1211 1636 pro

143 1638 328 1662 examinacione
351 1639 487 1670 cujuslibet
518 1641 590 1664 testis
618 1640 668 1671 vjd.
699 1640 928 1669 Examinatoribus,
957 1642 982 1663 ct
1011 1639 1098 1662 clerico
1126 1645 1213 1662 eorum

143 1671 261 1695 scribenti
284 1672 337 1702 jcl.;
369 1674 396 1695 et
418 1672 552 1703 aliquando
577 1681 607 1696 ex
628 1673 757 1697 taxacione
781 1673 878 1697 Jndicis
902 1673 958 1703 plus
981 1672 1113 1702 recipiunt,
1126 1670 1213 1694 habita

141 1703 341 1728 consideracione
358 1705 389 1728 ad
406 1713 527 1736 magnum
544 1706 660 1729 laborem.
697 1706 772 1735 Dicit,
794 1706 878 1734 eciam,
897 1705 965 1736 quod
983 1705 1014 1728 de
1026 1707 1094 1728 certo
1105 1711 1211 1727 numero

142 1736 329 1761 Advocatorum
352 1737 429 1761 nichil
452 1739 517 1767 scit;
543 1741 582 1762 set
605 1739 687 1769 sepius
711 1739 776 1762 vidit
798 1739 890 1769 plures.
936 1737 1010 1766 Dicit,
1034 1737 1119 1766 eciam,
1143 1736 1211 1767 quod

143 1769 262 1800 Magister
286 1770 313 1793 E.
336 1770 367 1794 de
387 1770 525 1801 Teignmue
553 1771 618 1801 gerit
646 1772 696 1795 duo
719 1771 805 1801 officia,
828 1771 945 1794 videlicet
973 1769 1157 1793 Examinatoris
1186 1771 1212 1792 et

143 1801 322 1826 Procuratoris.
360 1803 432 1832 Item,
443 1804 504 1827 dicit
516 1804 584 1833 quod
592 1804 619 1827 T.
632 1804 731 1834 Lukcys
744 1806 842 1827 exercet
850 1804 966 1827 tabernas
978 1803 1009 1826 de
1021 1801 1210 1826 consuetudine.

110 1833 141 1857 N.
155 1834 186 1857 de
204 1835 363 1859 Durneforde
380 1836 442 1859 dicit
459 1837 526 1866 quod
545 1845 588 1866 pro
606 1836 775 1860 insinuacione
787 1836 1009 1860 Testamentorum
1026 1836 1211 1859 consueverunt

142 1867 206 1890 solvi
229 1867 276 1898 ijs„
294 1876 357 1898 quos
374 1868 477 1892 clericus
495 1869 602 1900 Registri
620 1869 744 1899 percipere
772 1869 907 1892 consuevit.
943 1868 1018 1897 Dicit,
1036 1867 1121 1897 eciam,
1143 1867 1211 1897 quod

143 1900 260 1923 salarium
270 1908 314 1931 pro
327 1901 402 1931 copiis
411 1901 564 1925 redimendis
576 1902 642 1925 idem
653 1902 755 1925 clericus
764 1902 894 1925 consuevit
905 1901 1002 1924 habere.
1038 1900 1113 1929 Dicit,
1126 1900 1210 1929 eciam,

143 1933 210 1962 quod
230 1933 420 1956 Examinatores
440 1942 515 1964 super
535 1934 649 1964 pluribus
670 1934 789 1957 Articulis
808 1934 883 1957 simul
904 1936 930 1957 et
951 1933 1054 1956 confuse
1076 1932 1211 1963 aliquando

142 1967 220 1988 testes
231 1965 384 1996 examinant,
402 1966 468 1990 sicut
477 1967 593 1990 videlicet
604 1967 830 1990 scribendo—tales
848 1968 933 1990 testes.
970 1965 1117 1996 Requisitus
1135 1972 1210 1995 super

141 1997 230 2028 primo,
247 1999 364 2028 secundo,
383 2001 409 2022 et
425 1999 501 2022 tercio
515 1999 635 2028 Articulo,
655 1999 716 2023 dicit
728 2002 773 2023 etc.
809 1999 884 2029 Dicit,
901 1999 985 2028 eciam,
1006 1998 1075 2029 quod
1086 1997 1210 2021 Advocati

141 2030 275 2061 aliquando
292 2031 484 2062 interrumpunt
502 2040 627 2055 sermones
644 2032 774 2055 sociorum.
809 2032 883 2061 Dicit,
902 2031 987 2060 eciam,
1000 2031 1067 2061 quod
1080 2030 1210 2054 consuevit

141 2064 210 2092 quod
227 2063 313 2087 nullus
334 2067 472 2087 assumeret
489 2064 597 2088 officium
611 2065 733 2088 Advocati
751 2065 790 2088 vel
807 2064 984 2093 Procuratoris,
1002 2063 1050 2087 nisi
1062 2062 1158 2094 jnrati;
1177 2065 1209 2092 et,

140 2097 233 2125 tamen,
255 2104 322 2119 nunc
342 2096 425 2126 plures
446 2105 495 2120 non
514 2097 598 2127 jurati,
619 2097 734 2120 videlicet
755 2097 874 2127 Magister
894 2097 1019 2120 Walterus
1038 2096 1069 2119 de
1088 2095 1164 2119 Wike
1184 2095 1211 2118 in

140 2128 220 2152 officio
237 2129 360 2152 Advocati
386 2131 412 2152 et
432 2130 609 2158 Procuratoris,
629 2130 748 2160 Magister
765 2130 890 2153 Robertus
910 2130 942 2153 de
964 2129 1062 2159 Brigge,
1083 2128 1211 2152 Johaunes

140 2161 281 2191 Walronde,
304 2161 413 2186 Thomas
425 2162 501 2192 Snou,
523 2165 549 2186 et
561 2162 602 2186 alii
614 2163 777 2194 quamplures
789 2163 815 2186 in
828 2162 907 2186 officio
919 2161 1097 2186 Procuratoris.
1133 2160 1212 2190 Dicit,
