1328 2295
75 167 145 202 106

273 176 347 202 THE
372 177 555 204 REGISTER
581 173 629 204 OF
654 177 791 204 BISHOP
818 177 1042 205 STAPELDON.

173 255 265 279 Divino
277 255 396 286 obsequio
404 256 575 287 defraudetur,
583 258 669 280 noctes
681 257 833 288 quandoque
842 257 1004 281 transivimus
1016 256 1167 287 iusompnes,
1176 255 1238 279 dum

173 288 279 311 attentis
292 288 381 319 vigiliis
400 297 444 319 per
456 297 530 319 quam
551 292 623 313 tanto
638 289 776 313 discrimini
793 298 922 320 possemus
934 297 1061 313 occurrere
1074 288 1238 319 cogitavimus

172 321 204 344 de
213 321 315 345 medela,
352 322 424 351 Cum,
434 322 518 352 igitur,
530 322 682 346 Universalis
695 322 804 346 Ecclesia
815 325 870 346 tota
878 331 960 346 unum
972 330 1061 353 corpus
1070 321 1198 345 misticum
1205 321 1239 344 sit

173 354 302 383 censenda,
334 362 384 377 non
417 357 536 385 putamus
572 355 748 378 inconveniens
780 355 808 384 si,
840 355 1054 386 quemadmodum
1085 354 1161 377 unius
1187 353 1240 377 veri

173 386 281 417 corporis
303 386 416 410 membra
436 387 483 410 sibi
503 389 593 411 mutuo
612 387 787 418 suffragantur,
807 396 837 411 ex
855 388 930 411 unius
951 387 1060 411 Ecclesie
1075 386 1239 411 facultatibus

172 419 276 442 alterius
292 418 375 450 inopia
392 419 545 449 sublevetur,
556 427 613 443 cum
625 420 732 443 alterum
745 421 847 444 alterius
861 428 935 444 onera
944 423 1043 450 portare
1054 419 1175 450 precipiat
1187 419 1239 442 Lex

173 451 271 475 Divina.
308 452 472 482 Quapropter,
485 452 578 476 habitis
590 460 664 483 super
676 452 723 476 hoc
734 461 792 476 cum
802 453 899 476 dilectis
909 452 967 476 filiis
976 453 1076 476 Decano
1088 454 1114 475 et
1122 451 1239 482 Capitulo

174 483 283 507 Ecclesie
300 486 385 508 nostre
398 485 546 508 Exonieusis
564 485 741 509 deliberacione
754 486 903 516 plenissimis
916 488 941 509 et
952 488 1071 514 tractatu,
1084 485 1115 508 de
1126 484 1238 515 ipsorum

173 516 275 540 consilio
288 519 314 540 et
325 525 427 540 assensu
438 517 532 541 vocatis
544 518 575 541 ad
587 518 634 541 hoc
651 518 766 541 Johanne
779 518 809 541 de
822 518 881 548 Eisi,
894 518 998 542 Rectore
1011 517 1119 541 Ecclesie
1131 518 1162 541 de
1176 517 1240 541 Clist

174 549 301 579 Fomizon,
325 557 353 573 ac
370 549 449 573 eciam
472 550 577 573 Ricardo
599 550 664 579 Cole,
677 551 802 581 Perpetuo
816 551 914 574 Vicario
935 550 1044 574 Ecclesie
1056 551 1087 574 de
1100 550 1239 579 szndone,

173 582 285 613 predicte
304 584 389 606 nostre
401 582 519 612 Diocesis,
532 585 558 606 et
570 583 601 606 de
613 586 705 613 nostro,
718 584 816 607 racione
833 583 958 614 Episcopii
970 582 1057 612 nostri,
1075 582 1240 606 existencium

175 617 318 645 patronatu,
330 623 358 639 ac
377 615 441 646 juris
461 615 605 646 solempniis
624 624 673 647 que
693 616 858 645 requiruntur
877 616 904 639 in
922 616 1039 639 omnibus
1051 615 1194 645 observatis,
1208 615 1239 638 de

174 647 252 678 ipsius
264 647 376 671 Rectoris
393 650 456 671 tunc
473 648 595 679 presentis
608 651 664 679 post
683 649 776 672 multas
788 651 814 672 et
834 648 914 672 varias
934 648 1106 672 altercationes
1124 655 1240 678 expresso

174 688 303 710 consensu,
322 681 471 704 auctoritate
484 681 607 704 ordinaria
619 681 755 705 statuimus
768 684 794 705 et
805 681 950 705 ordinamus
967 681 1035 711 quod
1047 688 1133 704 omnes
1145 680 1240 704 decime

174 715 227 736 tam
246 713 353 744 majores
374 720 450 743 quam
470 713 578 737 minores
598 715 628 738 de
649 714 753 743 antiquo
766 714 891 737 dominico
903 716 988 737 nostro
1001 713 1105 737 Manerii
1117 713 1197 737 nostri
1209 713 1240 736 de

175 746 239 770 Clist
256 746 437 776 provenientes,
446 754 490 777 pro
502 747 594 777 quibus
606 747 772 777 quadraginta
784 755 827 770 sex
849 746 900 777 (sic)
920 747 1011 770 solidos
1023 749 1049 770 et
1060 748 1116 770 octo
1128 745 1241 770 denarios

173 779 351 809 sterlingorum
368 778 394 802 in
410 780 529 809 peccunia
547 782 679 803 numerata
696 780 771 810 juxta
790 779 928 810 predictam
940 779 1130 803 Ordinacionem
1144 779 1238 802 solvere.

173 811 348 835 consuevimus
355 811 452 835 Vicario
462 812 571 835 Ecclesie
581 813 611 835 de
616 813 747 835 Farndone
755 813 798 842 qui
807 820 851 843 pro
859 814 971 843 tempore
980 812 1064 840 fuerit,
1070 814 1183 842 tempore
1191 819 1240 842 quo

173 844 292 868 decimaa
310 852 400 868 novem
416 845 530 875 partibus
549 845 680 868 fmctuum
701 845 807 875 separari
819 845 883 868 solet
891 845 1046 875 integraliter
1058 844 1239 875 persolvantur,

173 877 242 900 omni
269 877 390 900 facultate
412 880 465 901 tam
484 877 555 900 nobis
578 885 655 908 quam
675 878 863 901 Successoribus
883 877 975 901 nostris
1002 877 1110 908 prefatas
1133 876 1241 900 decimas

173 917 218 940 pro
226 909 337 940 predicta
347 910 463 940 peccunie
472 918 570 933 summa
578 910 703 933 retinendi
712 910 813 940 penitus
824 910 972 939 intcrdicta5
985 910 1020 933 ita
1032 910 1100 939 quod
1108 917 1122 933 a
1129 909 1241 940 predicta

173 942 340 972 quadraginta
351 950 394 966 sex
406 942 543 966 solidorum
556 945 581 966 et
598 945 653 966 octo
674 943 832 966 denariorum
845 943 970 966 solucione
982 950 1027 966 1103
1039 944 1065 966 01
1083 942 1240 966 Successores

173 975 253 998 nostri
264 975 443 1005 inperpetuum
455 975 533 999 simus
546 975 616 999 liberi
629 978 654 999 et
665 975 796 999 immunes.
825 975 946 1005 Decimas,
960 975 1044 1005 eciam,
1057 977 1111 998 tam
1122 975 1236 1005 majores,

174 1014 251 1037 quam
269 1008 377 1031 minores
399 1015 430 1031 ex
450 1016 514 1031 novo
527 1008 650 1031 dominico
672 1010 757 1031 nostro
776 1016 843 1031 nunc
861 1008 887 1031 iu
909 1008 1022 1031 Manerio
1040 1010 1125 1031 nostro
1134 1008 1165 1031 de
1178 1007 1242 1031 Clist

174 1040 304 1069 existente,
326 1048 356 1064 ex
376 1043 447 1071 parte
468 1041 589 1064 Orientali
607 1049 671 1071 aque
690 1041 721 1064 de
741 1041 811 1069 Clist,
827 1049 889 1071 quas
902 1041 992 1064 Hector
1009 1040 1117 1064 Ecclesie
1133 1041 1164 1064 de
1178 1040 1241 1064 Clist

174 1073 292 1096 Fomizon
300 1073 450 1103 aliquociens
458 1074 587 1097 consuevit
595 1074 727 1104 percipere,
737 1081 812 1104 super
821 1073 913 1103 quibus
922 1073 988 1097 inter
993 1074 1124 1097 Rectorem
1132 1072 1241 1096 Ecclesie

173 1106 204 1129 de
224 1106 288 1129 Clist
300 1106 418 1129 Fomizon
431 1108 457 1129 et
469 1106 596 1130 Vicarium
609 1106 717 1130 Ecclesie
729 1107 760 1129 de
773 1107 793 1129 F
794 1107 905 1129 arndone
917 1106 1053 1129 existentes
1065 1114 1108 1136 pro
1120 1108 1240 1136 tempore,

173 1141 281 1168 utroque
293 1138 401 1162 decimas
413 1139 478 1169 ipsas
490 1139 522 1162 ad
542 1147 613 1162 suam
626 1139 750 1169 pertinere
761 1139 896 1162 Ecclesiam
908 1139 1080 1169 pretendente,
1093 1138 1191 1168 questio
1203 1140 1242 1161 est

173 1171 282 1200 suborta,
296 1172 327 1194 ad
338 1172 523 1202 amputandum
544 1172 595 1195 litis
616 1174 642 1195 et
657 1172 816 1195 dissensionis
833 1172 972 1201 materiam,
985 1178 1034 1201 que
1046 1174 1099 1195 tam
1109 1179 1183 1202 super
1194 1171 1243 1194 hiis

173 1211 250 1234 quam
269 1204 322 1227 aliis
342 1204 445 1227 decimis
464 1206 490 1228 et
508 1204 607 1235 juribus
626 1204 808 1235 parochialibus
828 1205 894 1228 inter
915 1205 1046 1228 Rectorem
1069 1206 1095 1227 et
1115 1203 1242 1227 Vicarium

173 1236 315 1267 prelfflatos,
324 1245 382 1260 011111
392 1237 525 1267 utriusque
536 1237 643 1260 Ecclesie
651 1237 774 1266 scandalo,
783 1239 933 1267 procurante
945 1237 1012 1267 pacis
1020 1237 1111 1266 emulo,
1120 1236 1241 1260 suscitata

174 1269 261 1293 extitit
280 1270 311 1293 ab
327 1269 438 1300 antiquo,
456 1270 522 1293 dicte
539 1270 647 1293 Ecclesie
667 1270 698 1293 de
711 1270 841 1293 Farndone
859 1270 976 1300 inopiam,
994 1270 1025 1293 de
1038 1277 1087 1300 qua
1099 1269 1241 1300 plenissime

173 1302 245 1325 nobis
268 1304 373 1331 constat,
394 1305 519 1333 quatenus
540 1303 669 1326 commode
689 1302 812 1333 possimus
836 1302 1027 1332 sublevandum,
1047 1303 1079 1326 ad
1102 1302 1241 1333 predictam

174 1335 310 1358 Ecclesiam
318 1335 349 1358 de
354 1335 484 1358 Farndone
494 1335 603 1366 presenti
611 1336 714 1359 Statuto
724 1335 847 1366 pertinere
857 1335 946 1358 debere
955 1335 1118 1365 decernimus,
1124 1335 1240 1365 ipsasque

174 1367 255 1391 eidem
267 1368 426 1391 concedimus
439 1370 464 1391 et
476 1368 553 1391 eciam
571 1368 726 1399 assignamus
739 1376 744 1396 3
762 1368 798 1391 ita
816 1368 883 1398 quod
902 1368 992 1391 Rector
1008 1367 1117 1391 Ecclesie
1135 1368 1166 1391 de
1179 1367 1243 1391 Clist

174 1400 293 1423 Fomizon
311 1408 397 1424 omnes
416 1401 531 1430 decimas
548 1401 719 1430 obveneiones,
732 1403 757 1424 et
769 1408 918 1431 quecunque
929 1401 987 1431 jura
998 1400 1153 1431 parochialia,
1167 1407 1215 1430 que
1227 1408 1242 1424 a

174 1441 242 1456 nunc
254 1433 399 1456 tenentibus
412 1433 503 1456 nostris
516 1442 545 1456 ex
559 1434 669 1464 predicta
682 1420 752 1463 pai-te
766 1433 887 1457 O1ientali
904 1440 967 1463 aque
980 1433 1109 1456 consuevit
1120 1432 1242 1456 hacteuus

175 1466 306 1496 percipere,
326 1466 419 1495 absque
439 1466 608 1489 diminucione
624 1466 737 1497 qualibet
757 1466 877 1496 percipi-it
889 1466 954 1489 sicut
966 1465 1042 1496 prius.
1077 1466 1112 1489 Et
1123 1465 1242 1495 quoniam

174 1507 219 1529 per
238 1498 432 1529 assignaeionem
452 1501 478 1522 et
496 1499 677 1522 concessionem
691 1499 859 1529 predictarum
871 1499 1023 1522 decimanum
1036 1498 1067 1522 de
1079 1506 1143 1522 novo
1155 1501 1241 1522 nostro

174 1531 299 1555 dominico
322 1531 433 1562 predicto
456 1532 666 1562 proveniencium,
686 1539 734 1561 que
757 1531 788 1554 ad
806 1531 935 1562 sexaginta
955 1531 1046 1555 solidos
1066 1531 1242 1562 sterlingorum

175 1566 201 1587 et
213 1564 320 1594 amplius
332 1564 441 1587 valorem
454 1572 567 1587 annuum
580 1564 747 1587 communiter
767 1572 792 1587 se
808 1564 958 1591 extendunt,
971 1564 1005 1587 sic
1016 1564 1125 1594 inopiam
1138 1564 1243 1594 predicti

174 1597 267 1620 Vicarii
287 1596 396 1620 relevare
416 1597 531 1627 cupimus
549 1597 616 1627 quod
638 1597 685 1620 sibi
705 1596 840 1626 quicquam
863 1597 1019 1627 superfluum
1042 1597 1145 1620 minime
1167 1596 1240 1620 reliu-

175 1631 275 1659 quatur,
294 1629 430 1653 statuimus
451 1632 477 1653 et
495 1630 639 1653 ordinamus
660 1630 727 1659 quod
745 1629 812 1653 ultra
828 1637 953 1653 summam
970 1629 1087 1653 undecim
1103 1637 1242 1653 marcarum

173 1662 358 1693 sterlingorum,
386 1662 417 1685 de
446 1662 537 1692 quibus
565 1670 641 1692 supra
659 1662 782 1691 scribitur,
806 1662 902 1693 prefate
926 1662 1034 1685 Ecclesie
1057 1662 1088 1685 de
1112 1662 1243 1685 Farndone

173 1695 293 1724 1710111103,
307 1695 350 1725 qui
362 1703 406 1725 pro
419 1697 531 1725 tempore
541 1695 625 1724 fuerit,
639 1695 782 1718 memoratis
792 1695 890 1718 duobus
902 1694 1053 1725 presbiteris,
1073 1695 1116 1725 qui
1128 1695 1243 1718 similiter

174 1736 219 1758 pro
229 1730 340 1758 tempore
350 1727 451 1757 fuerint,
463 1728 594 1751 tresdecim
602 1728 693 1751 solidos
703 1730 729 1750 et
740 1730 849 1758 quatuor
857 1727 977 1756 denarios,
988 1730 1014 1750 et
1026 1727 1124 1751 Rectori
1134 1727 1243 1751 Ecclesie

175 1761 205 1784 de
216 1760 280 1784 Clist
287 1760 413 1789 Fomizon,
422 1761 461 1783 001
471 1769 515 1791 per
527 1761 720 1791 assignacionem
734 1763 759 1783 et
770 1760 960 1784 Ordinacionem
972 1760 1120 1790 hujusmodi
1132 1760 1239 1790 aliquale

175 1793 275 1816 videtur
287 1793 455 1824 prejudicium
468 1793 588 1823 generari,
601 1793 734 1816 tresdecim
747 1793 838 1816 solidos
850 1795 875 1816 et
893 1795 1002 1823 quatuor
1015 1793 1129 1816 denarios
1145 1793 1242 1823 prefate

175 1828 283 1854 monete,
304 1825 375 1849 annis
393 1826 504 1856 singulis,
522 1826 547 1849 in
568 1826 649 1849 Festis
668 1826 753 1849 Sancti
766 1825 892 1848 Michaelis
905 1828 931 1848 et
942 1825 1042 1854 Pasche,
1055 1833 1100 1856 pro
1112 1825 1243 1855 equalibus

174 1858 340 1889 porcionibus,
353 1861 473 1889 perpetuo
486 1859 580 1881 solvere
592 1861 721 1884 teneatur-3
745 1858 774 1881 ad
797 1858 870 1888 cujus
882 1858 999 1888 peccunie
1011 1857 1170 1887 solucionem,
1189 1860 1242 1881 tam

174 1891 277 1921 prefatis
289 1891 433 1921 presbiteris
445 1898 520 1921 quam
534 1891 633 1914 Rcctori
642 1891 760 1921 predicto,
774 1891 825 1914 suis
843 1890 956 1914 terminis
975 1890 1082 1914 fideliter
1094 1890 1240 1920 faciendam,

174 1926 343 1947 memoratum
359 1923 486 1946 Vicarium
504 1924 596 1947 eisdem
615 1923 696 1946 modis
715 1926 741 1946 et
759 1923 846 1946 formis
857 1923 961 1953 astringi
978 1923 1094 1947 volumus
1108 1925 1141 1953 et,
1156 1923 1241 1952 eciam,

174 1956 326 1985 ordinamus,
352 1956 444 1986 quibus
467 1956 498 1979 ad
524 1956 675 1979 solucionem
696 1956 812 1979 undecim
837 1963 978 1979 marcarum
1001 1956 1031 1979 de
1054 1956 1146 1986 quibus
1167 1964 1242 1986 supra

175 1989 285 2012 diximus
315 1988 409 2012 eisdem
438 1989 581 2019 presbiteris
614 1989 753 2012 faciendam
779 1996 822 2019 per
850 1988 924 2012 aliam
950 1990 1062 2012 nostram
1092 1996 1167 2019 super
1194 1988 1241 2012 hoc

176 2021 365 2045 Ordinaeionem
378 2021 444 2045 idem
458 2021 488 2044 V*
481 2021 570 2044 marius
583 2024 621 2044 est
633 2021 750 2044 astrictus
763 2029 826 2051 pena
838 2021 863 2044 in
885 2021 971 2044 eadem
985 2021 1157 2058 Ozdhinacione,
1176 2021 1197 2044 si
1215 2021 1241 2044 111

173 2054 298 2077 solucione
318 2054 464 2084 hujusmodi
489 2054 606 2084 peccunie
633 2053 752 2077 defecerit
779 2054 911 2077 immerite.
915 2054 978 2077 In
999 2053 1078 2091 cujus
1092 2053 1133 2083 rei,
1159 2055 1204 2077 010.
1207 2067 1239 2071 --

174 2086 289 2110 Datum
283 2094 309 2110 m
322 2086 439 2117 Capitulo
449 2087 558 2110 Eeclesie
570 2088 653 2110 1103110
665 2086 776 2110 01111001
777 2086 821 2109 alis
834 2086 988 2115 Exoniensis,
1001 2086 1078 2117 xxviij
1092 2086 1132 2110 die
1148 2086 1241 2110 mensis

174 2119 335 2150 Septembris,
347 2120 421 2142 Anno
434 2119 536 2142 Domini
548 2119 592 2143 Mss.
608 2119 705 2143 00
716 2119 759 2149 xxj
762 2118 850 2143 .Et
861 2127 912 2148 nos,
926 2119 1041 2143 Decanus
1059 2121 1085 2142 et
1095 2119 1240 2150 Capitulum

174 2152 288 2177 Ecelesie
302 2150 452 2176 Exoniensis
469 2152 587 2183 predicte,
604 2151 764 2176 Ordinacioni
784 2154 810 2176 et
829 2151 991 2183 assignacioni
1010 2151 1142 2183 premissis,
1166 2159 1241 2183 super
