1328 2295
119 149 190 185 338
321 164 396 189 THE
422 164 611 191 Rneis'rER
638 165 682 190 or
707 165 848 191 msnop
875 163 1103 190 STAPELDON.

241 239 339 269 Capella
349 241 378 264 de
391 241 550 270 Can-swale,—

182 276 211 298 In
228 277 291 300 [licta
310 279 408 307 Capella
426 281 462 301 est
480 279 575 302 Missale
595 279 720 302 sufficiens.
762 280 800 307 Et,
821 279 938 307 similiter,
958 278 1060 301 Gradale
1080 284 1135 300 cum
1153 274 1275 309 Tropario-

211 306 278 329 Calix
297 308 446 331 tollerabilis.
483 309 499 337 ij
521 310 586 338 paria
603 310 808 332 Vestimentorum
824 309 937 338 plenaria,
956 310 980 331 et
995 309 1011 337 ij
1030 308 1096 337 paria
1113 305 1277 335 Corporalium

211 343 266 359 cum
281 337 297 365 ij
311 338 457 367 repositoriis
473 338 502 360 de
518 339 591 361 serico
607 339 720 361 honestis.
754 339 777 367 vj
790 339 873 361 tuallv.
923 338 977 360 Duo
989 336 1155 366 superpellicia
1166 336 1191 358 et
1200 340 1277 356 unum

211 366 341 390 rochetum.
382 368 448 390 Pixis
467 368 497 390 ad
516 368 678 391 Eukaristiam
697 369 782 397 lignea,
800 369 850 390 sine
875 375 963 390 serura.
1010 367 1101 396 Ciphus
1118 367 1231 388 stanneus
1243 363 1278 397 3²⁰·

212 396 319 419 infirmos
335 397 474 420 visitandos,
517 398 580 420 Crux
597 398 788 427 Processisnaffl,
807 399 876 420 vetus
898 399 922 420 et
942 397 1102 424 insufficiens:
1125 397 1206 418 tamen
1227 399 1278 427 ejus

212 425 281 448 hasta
292 427 383 449 decens.
418 427 483 449 Fiole
492 434 512 450 v.
550 428 628 450 Unum
641 427 783 450 Psalterium
795 427 945 450 defectivum.
980 426 1180 455 Antiphonariurn
1193 423 1278 445 deblle.

214 455 325 478 Ordinale
345 456 448 479 nullum.
493 457 602 485 Legenda
627 457 701 479 nulla.
745 457 918 486 Baptisterium
944 457 994 479 sine
1020 463 1079 479 sera.
1122 452 1278 486 Turribulurn

214 485 340 514 sufficiens,
360 487 384 508 et
401 486 479 509 boeta.
512 487 635 508 Vexillum
654 487 751 509 bonum.
785 486 882 515 Capella
898 487 974 508 fracta
993 486 1018 508 in
1040 485 1118 513 Navi;
1142 486 1178 507 set
1198 484 1235 505 est
1255 488 1280 503 m

213 514 347 537 reficiendo.
381 516 518 538 Cancellum
535 516 596 538 male
611 520 756 545 coopertum.
790 517 843 538 Due
861 516 1006 545 campanene
1022 515 1053 538 ad
1068 516 1183 541 mortuos,
1197 513 1221 535 et
1231 518 1280 534 111111.

214 544 245 566 ad
255 544 419 568 Elevacionem
432 545 543 574 Corporis
554 545 650 568 Christi.
684 546 795 569 Fenestre
804 546 909 568 Cancelli
920 546 970 568 siue
980 546 1043 568 vitro
1054 546 1078 568 et
1089 544 1220 567 inhoneste.

246 586 432 615 C‘offinswz'lle,—

185 623 214 645 In
231 630 280 653 qua
299 625 396 653 Capella
412 626 449 647 cst
467 625 556 648 bonum
577 625 673 648 Missale
694 627 813 649 notatum.
854 626 955 649 Gradale
974 626 1043 648 vetus
1064 626 1088 647 et
1108 624 1279 653 putrefactum.

215 653 309 676 Bonum
327 655 476 683 Tropariuni.
510 655 604 678 Bonum
622 655 739 678 Ordiuale.
774 656 883 685 Legenda
897 663 951 678 curn
969 655 1084 677 Psalterio
1102 654 1227 681 sufficienS,
1247 654 1282 676 set

215 684 277 706 male
287 684 395 713 ligatum.
429 685 632 714 Antiphonarium
645 686 756 713 Moniale,
767 687 837 708 vetus
848 687 873 708 et
883 686 945 708 male
956 685 1064 713 ligatum.
1098 683 1217 711 Manuale,
1226 690 1281 705 cum

216 713 356 742 Ympnario,
369 714 479 736 similiter
495 715 556 737 male
574 715 682 743 ligatum.
716 715 784 738 Calix
803 715 928 744 sufficiens,
941 715 1042 737 interius
1059 714 1195 736 deauratus.
1229 713 1282 735 Duo

215 743 282 771 paria
302 743 507 766 Vestimentorum
528 744 641 773 plenaria,
665 746 695 773 et,
719 746 797 774 preter
818 745 871 773 hoc,
895 745 910 772 ij
933 745 995 767 Albe
1016 750 1058 773 per
1079 750 1110 766 se.
1144 742 1228 765 Tuane
1246 742 1279 765 ix.

215 772 371 795 Turribulum
387 773 510 796 sufficiens.
546 774 727 796 Crisuiatorium
739 774 851 803 ligneum.
896 774 961 797 Pixis
978 774 1007 796 ad
1019 773 1181 796 Eukaristiam
1192 772 1277 801 lignea,

215 802 266 824 sine
286 809 344 825 sera.
379 803 433 825 Duo
454 804 622 832 superpellicia
643 806 667 826 et
688 811 764 826 unum
784 804 915 826 rochetum.
955 803 1042 825 Velum
1064 801 1278 831 Quadragesimale.
1323 809 1326 812 ’

216 831 280 854 Crux
292 832 481 855 Processionalis.
514 833 567 855 Due
578 834 639 856 fiole.
673 834 784 856 Celatura
795 834 859 856 ultra
869 834 952 856 Altare
962 833 1070 855 totaliter
1081 833 1162 854 fracta.
1196 831 1283 854 Omnes

216 861 320 884 Cancelli
331 862 432 884 fenestre
444 863 494 885 siue
505 863 568 885 vitro
584 865 608 885 et
624 863 694 885 nimis
710 870 790 892 parve.
824 864 875 885 Due
887 870 1000 892 campane
1018 862 1048 885 ad
1059 863 1173 884 mortuos.
1208 861 1282 883 Navis

216 891 319 914 Ecclesia
331 892 442 915 debiliter
453 894 572 921 cooperta.
587 893 719 915 -Arclzives
729 893 758 920 of
766 893 802 915 the
814 893 844 916 D.
859 893 910 915 and
922 893 957 921 0.,
971 892 1017 915 No.
1031 891 1098 920 3673,
1106 898 1170 921 passe
1181 890 1226 919 27].

126 928 173 960 St.
187 929 520 972 Mawgan-in—Pyder
536 932 565 972 [“
573 931 716 963 Ecclesia
725 932 903 963 Beatorum
916 932 947 962 N
951 931 1070 963 icholai
1081 932 1113 962 et
1129 929 1283 970 Maugani

214 973 254 1004 de
270 973 468 1011 Lanherne,”
493 974 635 1016 MS.],—

191 1017 286 1040 Master
303 1018 424 1041 Benedict
444 1018 475 1041 de
492 1019 636 1047 Arundelle,
651 1018 739 1048 R.,—“
750 1019 863 1043 Lieencia
879 1019 963 1043 standi
980 1018 1006 1042 in
1028 1018 1103 1042 Curia
1120 1018 1151 1041 de
1169 1016 1284 1040 Arcubus

224 1050 420 1077 Londoniaruni,
431 1059 511 1081 usque
524 1052 555 1074 ad
565 1052 670 1075 Festum
680 1052 765 1075 Sancti
774 1052 901 1075 Michaelis
913 1051 1027 1082 proximo
1039 1058 1145 1081 sequens
1154 1049 1166 1059 ’¹
1181 1049 1205 1079 (4
1217 1049 1285 1078 Dee,

226 1083 298 1112 1309)
310 1090 315 1111 ;
330 1084 371 1107 45:
389 1083 567 1114 Dispensation
579 1083 656 1113 (57b):
669 1088 695 1108 ut
706 1087 772 1115 patet
783 1085 811 1108 in
822 1084 972 1115 subsequenti
983 1087 1105 1115 quaterno,
1113 1083 1177 1112 folio
1188 1080 1283 1110 tercio?

225 1115 339 1139 —where
351 1124 387 1139 we
399 1116 451 1139 find
464 1116 521 1140 that
531 1117 633 1140 Licenee
645 1117 672 1140 of
690 1117 878 1141 non-residence
888 1125 937 1141 was
946 1117 1053 1147 granted
1064 1116 1104 1139 till
1113 1114 1281 1142 Michaelmas,

227 1147 241 1159 “
249 1150 280 1171 ut
298 1165 303 1170 .
323 1167 328 1171 .
349 1165 353 1171 .
372 1149 398 1172 in
421 1148 498 1172 Scolis
522 1150 546 1172 iu
568 1150 653 1180 Regno
674 1150 770 1180 Anglie,
791 1150 835 1173 ubi
855 1150 950 1180 vigeret
970 1149 1133 1178 Universitas,
1153 1147 1284 1171 intendere

226 1181 308 1204 valeat
320 1181 460 1205 Scolasticis
473 1182 615 1212 Disciplinis
629 1190 634 1211 ;
652 1183 723 1211 dum,
735 1185 828 1211 tamen,
841 1183 866 1206 in
879 1183 963 1213 aliqua
974 1184 1044 1213 parte
1056 1180 1186 1212 Temporis
1199 1180 1282 1209 Quad-

225 1214 346 1244 ragesime
353 1214 466 1244 proximo
472 1215 660 1238 tuncfuturead
668 1223 752 1238 curam
758 1223 829 1239 suam
838 1215 975 1246 predictam
982 1213 1256 1245 personaliteraccedat,
1261 1213 1287 1236 et

226 1246 302 1270 saluti
314 1247 454 1270 animarum
466 1250 525 1278 post
536 1248 674 1271 adventum
686 1256 769 1277 suum,
781 1248 824 1271 illo
841 1248 962 1279 Tempore
974 1247 1048 1270 Sacro
1060 1247 1175 1273 durante,
1186 1253 1284 1275 person-

226 1279 299 1302 aliter
307 1279 401 1303 ibidem
410 1279 601 1309 intendat‚'’—“
610 1281 706 1304 decimo
718 1281 824 1312 septimo
835 1281 960 1304 Kalendas
970 1279 1114 1303 Decembris
1124 1278 1139 1289 ’¹
1152 1278 1192 1307 (15
1201 1276 1285 1307 Now),

227 1312 290 1368 {3300
301 1310 382 1376 31333
399 1313 478 1368 ag6agln,
498 1313 599 1344 “usque
617 1313 648 1336 ad
666 1313 751 1344 gulam
769 1313 880 1344 Augusti
890 1313 904 1322 ¹'
925 1312 949 1344 [1
964 1311 1050 1343 Aug.],
1062 1314 1089 1336 to
1101 1312 1186 1342 study,
1199 1312 1245 1334 etc.
1258 1309 1283 1339 (6

281 1360 296 1374 .‚
395 1363 401 1374 ,
467 1363 472 1368 .

130 1383 179 1416 St.
197 1384 608 1427 Mawgan-in-Kerrier,-—

196 1428 236 1452 Sir
243 1429 311 1452 John
319 1429 341 1453 le
349 1430 436 1460 Bruyn
445 1428 481 1458 (or
488 1430 575 1459 Brun),
586 1429 833 1461 R.,--Dispensati0n
841 1439 845 1454 ι
852 1430 1041 1454 non-residenee
1049 1429 1089 1453 till
1097 1428 1288 1453 Miehaelmas—

228 1461 285 1485 “ut
302 1480 306 1485 .
328 1479 333 1484 .
354 1480 358 1486 .
378 1463 439 1486 cirea
461 1463 636 1486 execucionem
654 1463 809 1486 Testamenti
826 1463 913 1486 Matris
935 1471 986 1491 sue,
999 1463 1073 1493 cujus
1090 1462 1218 1485 Executor
1235 1468 1286 1484 esse

228 1494 366 1523 dicebatur,
384 1495 499 1518 insistere
516 1495 635 1519 valeret’'
655 1495 678 1524 (5
698 1496 769 1525 Now,
784 1497 873 1523 1308);
893 1497 934 1519 36:
952 1495 1031 1526 again,
1049 1497 1064 1508 ‘⁴
1075 1494 1189 1518 Lieencia
1205 1494 1286 1517 inten-

228 1527 305 1550 dendi
321 1527 446 1557 obsequiis
463 1528 565 1551 Domini
578 1528 703 1556 Willelmi,
716 1528 801 1552 fratris
821 1529 866 1557 sui,
880 1527 993 1557 Militis‚''
1011 1528 1051 1551 till
1068 1527 1228 1551 Michaelmas
1245 1526 1285 1556 (11

229 1560 298 1589 Dec„
323 1560 415 1589 1309);
445 1562 486 1584 45:
515 1561 593 1591 again,
617 1561 656 1584 for
679 1569 693 1584 a
713 1569 780 1592 year,
810 1562 864 1584 “ut
886 1561 912 1584 in
935 1561 988 1584 loco
1011 1568 1087 1591 quem
1110 1559 1218 1590 elegerit,
1243 1558 1286 1582 ubi

229 1592 385 1616 Universitas
398 1601 442 1616 seu
451 1594 572 1617 Studium
582 1594 676 1624 vigeret
686 1594 813 1621 Generale,
824 1593 938 1617 insistere
949 1593 1031 1617 valeat
1042 1592 1127 1616 studio
1137 1593 1285 1621 Literarum,

229 1625 266 1648 ita
284 1626 351 1654 quod
371 1626 466 1649 Literas
479 1626 624 1650 Cancellarii
638 1627 814 1650 Universitatis
832 1634 875 1649 seu
894 1625 985 1649 Studio
998 1625 1112 1649 Generali
1125 1624 1284 1654 Presidentis,

229 1657 273 1681 ubi
293 1658 379 1681 ‘taliter
398 1666 494 1682 moram
513 1659 625 1688 traxerit,
644 1659 745 1683 habeat:
763 1661 876 1690 superest
894 1661 924 1682 ut
943 1659 1009 1689 ipsas
1030 1658 1151 1689 Episcopo
1171 1657 1286 1681 exhibere

230 1690 318 1719 valeat,
331 1699 406 1721 super
417 1691 464 1714 hoc
476 1692 611 1721 requisitus
622 1701 627 1721 ;
646 1692 756 1722 alioquin
768 1691 916 1723 hujusmodi
928 1691 1017 1715 Gracia
1033 1690 1128 1714 nullius
1140 1690 1241 1721 penitus
1252 1690 1286 1713 sit

230 1723 378 1747 momenti'’
396 1723 420 1753 (7
445 1725 510 1755 May,
532 1725 621 1753 1311);
642 1723 696 1748 Glb:
714 1725 793 1755 again,
813 1725 854 1748 till
876 1724 1043 1753 Miehuelmas,
1068 1724 1130 1747 1313
1154 1723 1193 1752 (11
1218 1722 1287 1753 July,

231 1755 317 1785 1312);
337 1755 368 1780 72
378 1756 451 1780 —Sir
470 1757 551 1787 Roget
569 1758 600 1780 de
612 1757 800 1787 Northburghe,
813 1757 988 1786 R.‚—Licenee
1006 1759 1033 1780 to
1053 1758 1101 1787 put
1118 1756 1157 1779 his
1175 1755 1286 1779 Benefice

230 1790 275 1812 out
287 1790 313 1812 to
325 1789 389 1812 farn]
402 1789 441 1812 for
452 1789 522 1813 three
535 1798 605 1820 years
626 1790 650 1818 (5
664 1790 732 1819 Feb.⁷
743 1789 859 1818 1312-13)
870 1797 875 1817 ς
896 1788 1093 1814 77b.—Andrew
1105 1789 1135 1812 de
1148 1788 1285 1812 Drokenes-

230 1820 309 1850 forde,
328 1822 588 1850 R.,—nou-residence
608 1824 677 1852 “per
696 1825 781 1846 totum
802 1825 903 1853 tempus
922 1822 948 1845 in
967 1821 1155 1846 Constituoione
1173 1820 1287 1845 Generali

230 1861 305 1884 super
322 1853 368 1877 hoc
385 1855 452 1878 edita
470 1855 616 1885 prefinitum
628 1855 652 1879 '':
670 1855 702 1879 he
714 1863 763 1879 was
781 1858 808 1879 to
820 1855 877 1879 take
894 1854 1058 1879 subdeacon‘s
1071 1854 1162 1878 Orders
1173 1853 1262 1877 within
1274 1861 1288 1876 a.

230 1893 289 1917 year
300 1887 340 1913 (15
353 1887 419 1917 May,
433 1888 519 1917 1321);
541 1889 594 1912 158.

133 1925 180 1958 St.
197 1925 334 1958 Mellion
348 1939 353 1957 :
377 1927 467 1959 John
483 1928 522 1959 de
540 1928 668 1965 Stokes,
684 1929 722 1960 R.
737 1928 976 1966 subdeacon,-—

199 1969 389 2000 Dispensatiou:
407 1972 601 2001 non-residence,
615 1973 653 1996 for
673 1975 723 1996 two
741 1981 819 2004 years,
833 1975 860 1996 to
879 1973 964 2003 study,
977 1975 1024 1996 etc.
1046 1973 1087 2004 (15
1104 1971 1185 2003 April,
1201 1972 1286 2003 1309);

233 2004 275 2027 40:
292 2003 363 2033 again
377 2004 484 2034 (priest),
496 2005 535 2028 for
552 2008 602 2029 two
614 2013 685 2036 years
697 2006 738 2035 (14
750 2005 817 2034 Jan.‚
831 2005 948 2033 1311-12)
961 2014 967 2035 ;
986 2005 1040 2030 67²³:
1058 2005 1136 2036 again,
1156 2006 1170 2016 ‘'
1180 2004 1291 2028 Liceneia

232 2036 316 2058 standi
329 2036 431 2064 Oxonie,
444 2037 482 2060 vel
500 2038 566 2067 apud
579 2038 659 2061 Areus
672 2039 866 2066 Loudoniarum,
879 2040 955 2069 prout
972 2038 1074 2062 duxerit
1085 2038 1234 2069 eligendum,
1248 2045 1290 2069 per

232 2068 350 2091 annum''
369 2069 393 2097 (9
416 2070 477 2098 Oct„
498 2071 588 2099 1313);
608 2071 649 2094 80:
667 2071 745 2102 again,
763 2071 802 2094 for
819 2071 891 2095 three
909 2079 989 2102 years,
1006 2073 1033 2094 to
1050 2072 1128 2103 study
1143 2071 1169 2095 in
1187 2071 1291 2102 Foreign

233 2101 305 2124 Pax-ts
317 2102 358 2131 (14
371 2101 464 2129 March,
479 2102 595 2131 1322-3>;
616 2103 683 2128 17412.
