1328 2295
83 171 153 206 122
281 184 356 209 THE
382 184 566 211 nncrs'rnn
592 183 640 211 oF
666 183 807 211 BISHOP
834 181 1068 210 STAPELDON.

180 259 331 285 Mandatum
348 262 454 292 requirit
471 263 558 293 ipsius,
581 263 677 294 ydonee
695 262 837 287 certificetis
849 270 892 293 per
904 262 1000 286 Literas
1012 261 1138 289 Prfflentes,
1159 258 1250 282 harum

179 293 268 317 seriem
281 295 578 319 continentes—Datum
596 297 663 326 apud
677 296 794 327 Copford,
814 295 894 327 pridie
906 295 991 319 Nonas
1003 292 1154 321 Decembris
1176 291 1250 315 Anno

180 326 283 350 Domini
295 328 438 358 supradicto
451 328 475 358 [4
489 329 556 357 Dec„
570 329 651 359 13141.

145 371 213 427 -Ῐὲἶίι
225 371 416 409 Memorandum
429 373 497 404 quod
515 373 615 397 nullum
632 373 737 397 missum
750 373 799 397 fuit
813 372 1022 398 Certificatorium
1039 379 1083 402 per
1094 369 1248 402 Episcopum

202 412 351 429 xomensem.

146 447 254 478 —Item‚
289 449 483 474 Memorandum
517 451 585 481 quod
614 451 752 482 Episcopus
781 451 937 475 Sarumensis
971 449 1117 474 certificavit
1151 447 1248 471 dictum

179 481 319 505 Dominum
339 482 561 514 Archiepiscopum
583 483 630 508 hoc
651 484 832 512 modoz—Hoc,
852 486 944 513 autem,
965 483 1115 507 Mandatum
1135 480 1247 512 plerique

178 514 253 544 periti
276 515 347 538 nobis
370 518 396 539 et
420 516 491 540 Clero
520 519 606 540 nostro
634 517 687 540 fore
716 517 877 547 prejudiciale
907 518 1030 540 verentur.
1065 515 1125 544 Nos,
1154 516 1247 542 tamen,

178 554 339 577 nequaquam
359 550 479 579 putantes
499 557 543 579 per
554 549 728 573 execucionem
746 549 831 580 ipsius,
852 550 883 573 de
896 552 978 572 vestra
989 548 1121 572 voluntate
1132 546 1172 570 vel
1183 545 1247 576 juris

178 580 335 610 necessitate,
356 581 474 611 cuiquam
491 582 632 605 subsidium
650 582 761 612 legitime
778 582 929 605 defensionis
946 582 1102 612 ademptum,
1123 587 1155 603 ne
1173 578 1244 602 nobis

176 612 331 642 suspicatum
343 614 483 644 periculum
495 615 600 638 forsitan
612 615 761 645 imputetur,
772 615 834 638 illud
846 615 881 638 sic
893 617 1034 638 reverenter
1046 612 1145 637 executi
1157 618 1245 635 sumus

176 645 208 668 ad
220 653 328 675 presens,
342 648 379 675 ut,
393 647 517 677 cujusque
528 647 597 671 illeso
609 648 672 678 jure,
682 647 852 671 Ecclesiastica
863 647 966 670 libertas
977 647 1011 670 sit
1023 646 1135 676 undique
1147 651 1246 674 semper

174 678 248 702 salva.
278 678 429 708 Cstatorum,
438 688 503 709 vero,
513 680 614 703 nomina
624 680 650 703 in
661 680 822 704 Presentibus
831 688 928 704 annexa
938 679 1033 704 Cedula
1042 679 1244 703 continentur.—

175 710 205 733 In
218 718 326 741 quorum
339 712 523 742 testimonium,
537 713 722 742 etc-Datum,
738 715 784 736 etc.

140 755 275 786 —Omnes,
288 763 354 787 vero,
368 757 409 780 alii
423 757 539 788 Episcopi
551 758 720 782 certificarunt
731 758 799 789 quod
812 757 911 782 executi
923 759 984 781 sunt
995 757 1151 781 Mandatum.

139 801 270 831 —Postea‚
291 802 359 832 apud
380 802 480 826 Fratres
500 803 531 825 de
553 803 673 832 Carmelo,
694 803 734 826 die
755 803 826 826 Luue
845 805 902 834 post
922 802 1062 827 Secundam
1084 801 1242 825 Dominicam

172 834 372 865 Quadragesime,
390 835 464 858 Anno
478 835 580 859 Domini
592 836 724 859 Millesimo
738 836 835 860 CCCmo
847 835 936 866 xiiijmo
956 835 981 865 [3
1000 834 1093 863 March,
1115 834 1240 863 1314-15]‚

171 866 328 897 propositum
345 867 397 891 fuit
414 875 458 898 per
476 868 585 897 Clerum,
606 876 688 892 coram
706 869 815 892 Domino
827 868 1017 899 Archiepiscopo
1035 870 1062 891 et
1074 867 1240 897 Suffraganeis

172 899 231 929 suis,
252 902 278 923 et
295 902 463 930 protestatum
479 901 527 924 sub
539 901 584 924 hac
596 901 791 925 forma:—Licet
803 902 952 924 Mandatum
965 903 1078 924 vestrum
1090 899 1240 928 citatorium,

172 932 248 955 Pater
260 933 410 962 Revmende,
431 933 538 957 Domine
551 934 666 963 Waltere,
688 934 736 957 Dei
752 934 833 964 gracia
846 933 1031 958 Cantuariensis
1043 932 1241 963 Archiepiscope,

172 964 262 988 Tocius
289 965 379 996 Anglie
408 966 511 995 Primas,
541 966 584 997 qui
613 967 645 990 ad
668 966 769 990 Clerum
795 969 877 990 vestre
899 966 1029 990 Provincie
1053 965 1240 989 Cantuariensis

171 998 365 1028 convocandum,
387 998 413 1021 in
433 1006 461 1021 eo
482 999 550 1029 quod
568 999 600 1022 ad
618 999 720 1023 Curiam
740 999 889 1029 Secularem,
910 1001 972 1030 puta
991 999 1022 1022 ad
1043 998 1146 1022 Domini
1165 997 1240 1028 Regis

174 1030 380 1060 Parliamentum,
401 1031 469 1061 quod
487 1031 514 1054 in
536 1033 639 1055 Camera
658 1032 772 1062 ejusdem
792 1032 895 1055 Domini
914 1032 965 1055 fuit
985 1031 1130 1055 inchoatum
1151 1032 1177 1053 et
1197 1038 1241 1061 per

171 1062 268 1093 aliquot
285 1063 337 1086 dies
355 1064 539 1094 continuatum,
560 1064 644 1095 sicque
662 1067 715 1088 tam
733 1065 829 1089 racione
842 1065 889 1088 fori
901 1072 977 1095 quam
995 1064 1072 1087 eciam
1089 1063 1136 1087 loci
1153 1065 1240 1086 contra

173 1095 308 1119 Canonicas
320 1098 347 1119 et
359 1096 463 1120 Patrum
476 1097 626 1120 Sanctorum
639 1097 763 1121 Instituta
775 1097 890 1121 videatur
902 1105 954 1121 esse
965 1099 1114 1127 conceptum
1126 1104 1132 1125 ;
1151 1098 1183 1124 et,
1196 1103 1240 1126 per

171 1136 332 1159 consequenS‚
355 1129 456 1153 Clerum
477 1132 558 1153 artare
578 1138 629 1153 non
652 1130 745 1159 poterit
765 1130 850 1154 taliter
872 1130 904 1153 ad
928 1129 1123 1160 comparendum
1145 1128 1239 1159 absque

171 1161 343 1185 Ecclesiastice
362 1162 455 1185 offensa
467 1162 603 1193 Discipline
620 1165 646 1186 et
663 1163 755 1186 lesione
766 1163 902 1186 Libertatis
914 1162 1084 1186 Ecclesia-stine
1096 1161 1239 1190 manifestam

169 1194 287 1223 quodque
304 1194 335 1217 de
346 1194 496 1224 Abbatibus,
509 1195 644 1224 Prioribus,
657 1203 700 1226 per
712 1204 744 1225 se,
757 1204 815 1219 suos
829 1196 974 1219 Conventus
986 1195 1137 1225 regentibus
1150 1196 1177 1217 et
1188 1193 1239 1217 suis

171 1227 343 1250 conventibus
361 1235 405 1251 seu
424 1227 545 1258 CoHegiis,
565 1228 692 1252 Prioribus
712 1229 878 1252 Ecelesiarum
897 1227 1084 1252 Cathedralium
1103 1227 1238 1250 dumtaxat

170 1259 287 1290 exceptis,
321 1260 391 1283 nulla
422 1260 523 1284 omnino
554 1261 651 1284 mencio
682 1261 804 1284 habeatur
824 1261 850 1284 in
874 1261 968 1290 eodem,
993 1267 1146 1290 quamquam
1168 1259 1235 1283 idem

170 1292 287 1322 Religiosi
315 1292 349 1316 sic
377 1293 462 1316 omissi
490 1293 626 1317 maximam
654 1296 752 1324 partem
776 1294 891 1324 Corporis
919 1293 984 1317 Cleri
1006 1295 1088 1316 vestre
1108 1292 1238 1316 Provincie

167 1324 269 1354 faciant,
287 1327 313 1348 et
329 1325 361 1348 de
373 1325 501 1349 communi
516 1326 616 1357 negocio
633 1327 685 1350 sive
702 1326 848 1350 necessitate
864 1328 953 1357 agatur
970 1326 1036 1357 ipsos
1053 1325 1156 1349 omissos
1174 1332 1238 1356 eque

168 1357 339 1388 principaliter
361 1358 530 1389 contingente,
559 1359 643 1389 sicque
666 1359 719 1382 sine
741 1359 801 1390 ipsis
824 1359 910 1383 taliter
934 1359 1031 1382 omissis
1053 1359 1085 1382 de
1107 1357 1235 1381 communi

167 1390 268 1421 negocio
296 1390 348 1414 sive
376 1391 523 1415 necessitate
556 1392 622 1422 ipsos
656 1392 759 1415 omissos
786 1399 850 1422 eque
877 1391 1047 1422 principaliter
1075 1390 1235 1421 contingente

168 1425 199 1446 ut
232 1425 366 1453 presentes,
402 1426 525 1447 tractatus
562 1425 643 1454 qualis
679 1425 765 1448 haberi
801 1424 903 1448 deberet
931 1427 957 1448 et
993 1424 1070 1447 eciam
1107 1423 1236 1454 expediret

167 1455 253 1479 haberi
286 1463 337 1479 non
359 1456 448 1486 valeat,
477 1457 537 1487 ipsis
560 1465 610 1480 non
634 1457 793 1481 vocatis—ne
814 1457 923 1481 Ecclesie
946 1457 1037 1481 Unitas
1060 1464 1091 1479 ex
1114 1456 1234 1479 Processu

166 1488 315 1519 hujusmodi
326 1488 474 1512 divisionem
494 1489 671 1520 paciatur—ut
683 1498 741 1513 cum
754 1490 842 1513 vestris
853 1489 1022 1520 beneplacitis,
1042 1491 1167 1520 quatenus
1179 1488 1233 1512 fieri

166 1521 260 1552 poterit
276 1529 320 1552 per
340 1524 475 1552 presentes,
497 1522 590 1553 absque
608 1523 716 1546 Ecclesie
734 1525 761 1546 et
782 1523 926 1546 absencium
938 1522 1077 1553 prejudicio
1089 1524 1166 1552 atque
1179 1529 1231 1551 suo,

166 1556 285 1585 pareatur
301 1556 451 1582 reverenter,
471 1557 496 1578 et
508 1563 539 1578 ne
557 1555 655 1586 publice
668 1555 786 1579 utilitatis
798 1555 954 1586 expedicioni
965 1563 996 1578 ex
1008 1562 1057 1578 non
1070 1554 1193 1585 paricione
1204 1554 1231 1577 in

165 1589 238 1610 tanta
250 1587 397 1610 necessitate
408 1587 525 1618 impediri
537 1588 672 1618 contingat,
692 1589 801 1612 offerunt
812 1596 838 1611 se
850 1590 977 1619 presentes
989 1588 1021 1611 ad
1033 1587 1195 1611 tractandum
1207 1589 1233 1610 et

164 1619 314 1649 faciendum,
327 1622 403 1650 prout
415 1620 446 1643 ad
458 1628 499 1643 eos
511 1621 611 1649 attinet,
624 1621 691 1649 quod
700 1620 801 1651 justum
814 1621 892 1644 fuerit
904 1623 929 1644 et
942 1620 1072 1644 Canonicis
1083 1619 1232 1643 conveniens

165 1652 301 1676 Institutis.
337 1652 494 1683 Supplicant,
512 1653 597 1684 igitur,
607 1653 642 1676 hii
660 1654 704 1684 qui
720 1654 747 1677 in
764 1653 810 1677 hac
823 1653 1020 1684 Congregacione
1032 1655 1159 1683 presentes
1171 1654 1232 1676 sunt

163 1684 194 1708 de
208 1685 279 1708 Clero
287 1687 368 1708 vestre
378 1686 529 1709 Paternitati
538 1686 689 1715 Reverende,
698 1687 825 1717 quatinus,
834 1686 944 1717 presenti
957 1686 1086 1709 vocacione
1098 1685 1230 1714 subducta,

162 1717 188 1741 in
197 1717 323 1741 Mandatis
335 1718 424 1741 vestris
436 1726 485 1748 que
497 1718 523 1742 in
535 1718 608 1742 factis
617 1719 788 1742 consimilibus
800 1719 955 1742 emanabunt
966 1718 992 1742 in
1003 1718 1128 1747 futurum,
1148 1718 1231 1748 quoad

162 1751 282 1781 premissa
294 1753 320 1774 et
332 1753 413 1774 cetera
425 1751 509 1774 omnia
526 1759 575 1782 que
592 1754 728 1775 occurrunt
745 1752 865 1781 facienda,
884 1752 945 1775 ordo
962 1751 1063 1774 debitus
1081 1752 1107 1774 et
1126 1751 1156 1774 de
1173 1750 1229 1781 jure

161 1783 253 1812 licitus,
277 1791 304 1806 ac
327 1783 498 1807 Ecclesiastice
522 1784 646 1808 Libertati
668 1792 719 1808 non
742 1785 870 1814 derogans,
899 1792 943 1815 per
969 1784 1052 1807 omnia
1075 1783 1228 1807 observetur.

160 1815 333 1839 Protestantes
356 1824 470 1846 expresse
493 1824 575 1840 coram
599 1817 676 1846 vobis,
704 1817 731 1840 in
754 1817 880 1848 presencia
902 1816 1089 1840 Venerabilium
1112 1816 1225 1845 Patrum,

160 1848 340 1879 Episcoporum
358 1849 577 1879 Suffraganeorum
594 1851 742 1878 vestrorum,
761 1850 828 1880 quod
846 1848 942 1880 absque
960 1848 1130 1872 Ecclesiastice
1143 1848 1226 1872 Liber-

159 1880 220 1904 tatis
237 1880 329 1904 lesione
347 1883 373 1904 et
390 1883 472 1905 status
490 1882 529 1905 sui
546 1882 663 1912 periculo,
681 1883 793 1913 prefatus
812 1882 898 1906 Clerus
916 1882 1042 1905 Mandatis
1057 1881 1228 1905 consimilibus

159 1921 245 1944 parere
260 1921 310 1937 non
328 1914 421 1944 poterit
438 1914 579 1944 aliqualiter
595 1915 621 1938 in
639 1915 773 1943 futurum3
793 1916 845 1939 103.
883 1914 963 1946 [More
981 1914 1042 1938 than
1060 1922 1074 1938 a
1085 1914 1155 1938 third
1171 1915 1228 1945 part

159 1946 185 1969 of
202 1946 246 1969 the
257 1946 312 1969 first
323 1954 385 1977 page
397 1946 423 1970 of
435 1947 477 1970 fol.
494 1947 539 1970 104
552 1955 601 1971 xvas
613 1947 660 1971 left
672 1947 766 1977 blank]-

192 1986 329 2011 Commissio
351 1986 385 2010 ad
405 1987 562 2018 colligendum
583 1988 709 2012 Decimam
729 1988 855 2012 Bonorum
875 1988 1097 2012 Ecclesiasticorum
1119 1987 1225 2011 Domino

254 2020 315 2050 Reqi
326 2027 495 2050 concessam,—

126 2060 251 2090 Directed,
271 2061 283 2084 1
303 2060 395 2090 March,
415 2061 532 2090 1314-15,
550 2063 577 2085 to
589 2061 633 2085 the
646 2062 716 2085 Dean
728 2062 778 2085 and
792 2061 962 2093 Chapterz—“
972 2062 1036 2086 Cum
1048 2061 1074 2085 in
1088 2061 1226 2092 Congrega-

158 2093 227 2117 cione
246 2093 403 2117 Prelatorum
422 2096 449 2117 et
467 2094 539 2123 Cleri,
565 2102 593 2117 ac
613 2094 691 2118 eciam
712 2095 901 2125 Religiosorum,
925 2097 1100 2125 exemptorum
1123 2096 1150 2117 et
1175 2101 1225 2117 non

156 2128 339 2157 exemptorum,
346 2126 532 2150 Cantuariensis
545 2126 682 2155 Provincie,
687 2127 713 2150 in
723 2127 891 2151 Parliamento
897 2126 951 2158 jam
958 2127 1092 2151 Loudoniis
1101 2126 1224 2150 celebrato

157 2159 231 2190 facta,
250 2166 325 2191 super
342 2159 486 2184 defensione
503 2160 640 2184 necessaria
651 2160 761 2185 Ecclesie
778 2162 804 2184 et
816 2160 896 2191 Regni
908 2160 997 2191 Anglie
1009 2161 1096 2184 contra
1112 2159 1225 2184 hostium
