1328 2295
415 155 685 191 msrrrnrrons,
703 156 780 183 nro.
1104 150 1121 183 1
1129 151 1173 185 95

107 229 233 253 suetudine
248 230 355 253 homines
367 230 467 254 Manerii
478 233 589 255 tenentur
599 239 663 255 arare
675 240 746 256 unam
758 234 888 263 precariam
903 236 958 257 ante
970 234 1068 257 Festum
1079 234 1174 256 Natalis

106 258 209 288 Domini,
230 261 254 283 et
272 267 322 283 esse
340 261 371 283 ad
386 268 492 284 mensam
503 261 607 290 Domini,
625 264 649 285 et
664 263 735 285 aliam
751 264 888 292 precariam,
906 264 1023 292 similiter,
1038 265 1094 293 post
1109 264 1173 286 idem

107 288 212 317 Festum,
225 290 325 318 singulis
338 291 413 318 annis,
428 292 452 313 01
467 297 516 313 esse
533 291 562 313 ad
578 298 683 314 mensam
696 292 798 321 Domini,
815 293 879 316 dicta
895 301 976 316 mensa
991 294 1038 316 fuit
1054 293 1107 316 istis
1118 293 1173 316 sub-

105 318 181 341 tracta
198 320 250 341 toto
266 321 373 348 tempore
385 320 493 349 Magistri
505 321 546 349 H„
561 321 669 344 Firmarii
678 329 683 350 ;
701 323 725 344 et
741 323 812 351 quod,
833 323 875 345 ubi
892 324 966 352 aliqui
976 324 1088 345 tenentur
1099 329 1173 351 arare,

105 347 125 369 si
145 354 253 371 carneam
284 349 418 377 habuerint,
446 351 477 378 et,
506 351 526 372 si
546 351 636 373 00113111
658 351 792 380 habuerint,
821 352 924 375 herciare
950 353 1065 381 solebant,
1093 352 1172 375 dietus

105 377 234 400 Firmarius
255 378 311 401 fecit
332 386 371 401 eos
391 379 481 402 solvere
502 387 545 408 pro
567 380 706 409 hujusmodi
725 388 794 410 opere
812 382 874 410 iijll„
897 389 939 411 per
957 383 1064 411 rigorem.
1098 382 1169 409 Item,

103 407 205 435 quilibet
220 408 333 437 ferlingus
352 410 411 431 terre
425 410 520 431 tenetur
535 411 622 432 metere
639 417 715 432 acram
732 413 756 433 ct
771 411 896 434 dimidiam
912 412 940 434 de
957 412 1027 434 blado
1038 412 1135 434 Domini
1147 413 1171 434 et

102 436 175 458 nichil
189 437 298 466 recipere,
319 439 343 460 et
357 438 432 460 facere
447 438 507 461 duas
522 439 639 468 precarias
655 441 679 462 et
694 440 779 462 habere
795 441 937 469 corrodium,
954 443 978 464 et
993 441 1054 464 illud
1070 441 1169 463 bladum

102 466 189 488 cai-iare
207 467 238 489 ad
255 468 375 496 grangiam
386 468 483 490 Domini
500 469 550 491 sine
565 469 677 497 corrodio,
697 471 721 492 et
737 470 842 493 adunire.
876 471 907 493 Et
923 471 1024 500 quilibet
1040 471 1168 499 ferlingum

102 495 162 517 terre
178 497 260 519 tenens
277 497 347 520 debet
363 497 498 526 averagium
513 498 596 526 facere,
616 499 652 520 bis
669 506 710 527 per
726 506 823 528 annum,
843 501 903 522 inter
914 501 989 522 Exam
1006 502 1030 523 et
1041 501 1126 526 Axam.
1146 501 1170 522 et

101 524 187 547 habere
203 526 344 555 corrodium,
365 527 402 549 vel
420 527 539 556 percipere
558 528 654 550 obolum
672 535 715 557 pro
733 530 843 551 corrodeo
860 530 918 558 (sic).
953 531 1022 557 Item,
1040 530 1126 552 faieare
1143 530 1167 558 xj

100 560 165 577 acras
176 556 239 584 prati
250 557 273 578 et
282 563 353 578 unam
365 557 488 585 virgatam,
507 558 531 579 et
542 558 660 586 percipere
672 560 718 580 tres
730 559 845 581 secundos
856 560 964 582 meliores
975 560 1094 582 multones
1106 560 1130 581 et
1141 559 1167 587 iij

100 590 178 606 caseos
199 586 314 608 secundos
332 586 447 614 meliores,
468 588 491 608 et
512 586 603 609 dictum
621 589 717 616 pratum
736 589 803 610 unire
820 590 844 611 et
862 589 891 611 ad
911 589 1007 611 domurn
1027 589 1122 616 cariare,
1144 590 1168 611 et

99 614 228 637 mullonem
244 615 326 637 facere.
360 616 391 637 Et
409 615 516 638 solebant
529 616 614 638 falcare
629 617 680 645 xiiij
699 624 763 639 acras
780 619 842 646 prati
859 620 882 640 et
898 618 1022 640 dimidiam
1038 620 1166 647 antequam

99 644 161 665 terra
173 644 221 667 fuit
235 644 343 667 alienata.
377 645 392 667 J
396 645 498 667 ohannes
511 646 590 668 Rocke
605 648 669 668 tenet
685 647 812 669 dimidium
828 648 954 676 ferlingum
970 650 1031 670 terre
1048 655 1077 670 ex
1092 648 1165 670 tradi-

99 672 165 695 cione
177 673 219 702 H.‚
234 674 348 702 Firmarii,
363 674 392 696 ad
403 675 551 697 voluntatem
562 682 605 704 pro
617 677 720 698 extenta.
754 677 864 705 Thomas,
878 678 994 705 Vicarius⁷
1013 679 1078 700 tenet
1090 684 1165 700 unum

98 702 224 732 ferlingum
241 705 309 732 terre,
330 704 360 726 ad
371 704 526 726 voluntatem.
561 705 679 727 Robcrtus
695 706 723 728 de
736 706 863 735 Lancwcye
875 709 940 729 tenet
951 714 1026 729 unum
1037 707 1164 736 ferlingum

97 732 166 758 terre,
185 733 215 755 ad
231 733 379 756 voluntatem
398 740 440 762 pro
458 736 559 757 extenta.
594 735 715 757 ι1011301105
732 735 832 764 Gregore
848 738 914 759 tenet
932 737 991 759 duos
1010 737 1121 765 ferlingos
1140 738 1165 758 et

97 761 232 790 dimidium,
254 763 284 785 ad
305 763 459 786 voluntatem.
504 764 606 786 Thomas
628 765 656 786 de
679 765 754 793 Lenge
780 767 857 788 tenuit
883 773 959 788 unum
986 767 1112 795 ferlingum
1138 767 1162 788 et

97 791 231 820 dimidium,
242 794 266 815 et
277 794 330 815 octo
341 793 474 815 denariatas
485 794 546 815 terre
556 801 562 821 ;
579 794 633 822 quis
645 801 707 816 1111110
718 796 783 817 tenet
795 795 933 823 ignorantur
945 796 1004 825 (sic).
1037 797 1068 818 Et
1079 796 1164 818 domus

97 822 153 843 sunt
168 822 272 850 ruinose,
289 824 313 844 et
328 823 369 844 vix
386 824 487 851 possunt
503 824 606 852 reparari
619 831 661 852 pro
679 831 746 846 xxm.
779 825 881 847 Thomas
897 826 926 847 de
938 826 1082 854 Bromptone
1098 826 1165 848 tenet

98 850 224 873 dimidium
246 852 372 880 ferlingum
393 853 461 880 terre,
484 852 514 874 ad
535 853 691 881 voluntatem,
714 854 743 875 de
765 854 873 882 Bertone,
896 857 920 877 et
936 855 1009 877 alium
1037 855 1163 877 dimidium

96 879 222 909 ferlingum
233 882 293 903 terre
304 882 332 904 de
343 883 406 904 terra
417 882 504 909 nativa,
517 889 559 911 per
569 884 697 905 extentam,
731 884 846 906 Ricardus
857 885 885 906 de
898 884 1086 907 Brankescombe
1097 886 1163 907 tenet

96 909 156 932 duos
176 910 288 939 ferlingos
309 912 370 933 terre
391 912 415 933 et
435 911 562 934 dimidium
580 912 609 934 de
626 913 734 940 Bertone,
756 913 785 935 ad
804 914 953 936 voluntatem
972 921 1013 943 per
1031 916 1160 937 extentanh

96 938 166 967 Item,
185 940 291 962 1100111105
301 941 401 963 Manerii
417 940 526 963 solebant
544 941 655 964 triturare
673 943 752 964 totum
770 943 916 966 frumentum
928 944 956 966 de
968 944 1086 966 dominico
1098 944 1163 966 ultra

95 974 189 997 semeri3
213 970 285 998 quod,
303 970 407 999 quidem,
421 977 481 999 opus
497 972 628 999 potuerunt
647 972 756 1000 perticere
775 979 829 994 011111
847 980 897 996 xxs.
932 973 1016 996 Dictus
1033 974 1163 996 Firmarius

94 999 190 1027 recepit,
208 1000 261 1021 toto
277 1002 384 1028 tempore
401 1007 452 1027 sue,
471 1007 514 1028 pro
533 1001 614 1022 eodem
632 1001 730 1023 servicio
748 1008 762 1023 v
780 1009 870 1024 marcas
888 1003 1003 1025 redditus.
1044 1003 1162 1025 Henricus

94 1027 170 1050 Faber
185 1030 221 1050 est
235 1031 402 1057 augmentatus
410 1030 434 1051 in
442 1029 500 1057 xijsc,
535 1030 649 1052 Ricardus
658 1031 844 1053 M‹;›lendinarius
854 1034 920 1054 tenet
929 1039 1003 1054 unum
1012 1033 1162 1061 cortilagium

91 1057 163 1085 juxta
174 1058 343 1087 molendinum,
355 1059 384 1081 ad
395 1059 543 1081 voluntatem
555 1060 659 1087 Domini,
670 1062 694 1082 et
705 1061 782 1083 reddit
794 1068 835 1089 per
846 1068 934 1084 annum
946 1063 1004 1091 xijd,
1038 1063 1162 1085 Jolmnnes

93 1086 158 1115 Boye
174 1088 265 1110 solebat
281 1088 377 1110 reddere
392 1095 435 1117 pro
446 1089 548 1117 quadam
565 1089 635 1111 domo
646 1091 670 1111 et
681 1090 805 1118 curtilagio
820 1091 889 1119 xijzl„
909 1093 933 1114 et
945 1099 1007 1114 nunc
1018 1092 1097 1114 reddit
1107 1093 1158 1121 iijsl.

92 1122 135 1144 pro
146 1117 240 1139 defectu
250 1117 343 1146 domus,
361 1118 385 1140 111
397 1118 527 1146 dampnum
539 1119 636 1141 Domini
652 1119 680 1141 de
692 1120 787 1142 redditu
800 1122 824 1142 et
835 1121 940 1149 servicio,
956 1128 998 1150 per
1009 1129 1105 1150 annum,
1119 1123 1160 1145 xd-

93 1145 140 1174 ob.;
157 1148 181 1169 et
202 1147 265 1169 idem
282 1147 388 1170 defectus
407 1148 507 1176 contigit
526 1150 632 1177 tempore
651 1149 693 1176 H.,
714 1149 829 1172 Firmnrii.
865 1150 895 1173 Et
916 1158 964 1173 una
985 1151 1069 1174 domus
1088 1159 1161 1181 quam

92 1175 107 1197 J
111 1177 213 1198 ohannes
225 1176 292 1205 Lyda
302 1177 380 1199 tenuit
396 1178 432 1199 est
448 1177 547 1205 dirruta,
560 1185 606 1207 que
623 1180 703 1206 potest
714 1179 816 1207 reparari
828 1186 870 1208 pro
882 1180 937 1209 iijs„
957 1182 981 1203 et
992 1182 1027 1203 est
1038 1182 1068 1204 ad
1079 1182 1162 1211 damp-

92 1211 150 1227 num
160 1205 189 1228 de
200 1206 297 1228 servicio
306 1207 410 1234 Domini,
421 1213 462 1235 per
473 1207 612 1235 a1mum,j1l.
622 1208 653 1230 ol).
687 1208 826 1230 Dominieus
838 1211 873 1231 cst
884 1210 1021 1232 melioratus
1033 1218 1075 1239 per
1086 1219 1161 1234 unum

92 1234 215 1263 fossatum,
229 1236 335 1258 levatum
348 1238 453 1265 tempore
469 1236 527 1258 (11011
540 1237 645 1265 Hemici,
660 1238 702 1266 qui
714 1238 837 1260 constabat
850 1239 927 1267 xviijS.
961 1240 992 1262 Et
1003 1241 1086 1263 (11011111
1097 1243 1162 1270 quod

91 1265 194 1292 quedam
205 1265 266 1293 aula,
280 1272 326 1294 que
337 1268 435 1288 vocatur
447 1266 612 1294 Hinenehalle,
624 1267 807 1295 dampnificatnr
818 1268 847 1290 ad
859 1269 912 1297 iiijs.
947 1269 977 1291 Et
988 1271 1023 1292 est
1034 1277 1083 1293 una
1091 1271 1161 1300 longa

91 1294 176 1316 domus
188 1295 291 1323 ruinosa,
305 1302 351 1324 que
362 1297 398 1317 est
409 1296 539 1317 necessaria
552 1296 658 1324 Mancrii,
677 1304 723 1325 que
735 1304 780 1318 11011
793 1299 873 1325 potest
884 1299 986 1327 reparari
998 1300 1076 1322 minus
1087 1308 1160 1330 quam

90 1330 133 1351 pro
150 1324 211 1347 lxxs.
244 1325 275 1347 Et
291 1325 369 1347 dictus
382 1325 498 1347 Dominus
510 1325 627 1347 Hernicus
639 1327 695 1348 fecit
711 1327 816 1348 construi
832 1328 952 1356 quandam
964 1335 1050 1351 novam
1061 1330 1160 1353 domum

91 1353 142 1375 loco
153 1353 251 1376 alterius
262 1354 356 1383 domus,
373 1361 419 1383 que
432 1355 509 1382 majus
522 1355 584 1377 valet
596 1362 667 1384 quam
684 1356 730 1377 alia
741 1356 825 1378 domus
838 1357 866 1379 de
882 1358 925 1380 xls.
959 1358 1046 1381 Deficit
1056 1360 1160 1388 quedam

90 1382 174 1405 domus
192 1390 237 1412 que
255 1385 353 1406 vocatur
368 1384 510 1411 Wenhouse,
523 1385 591 1413 cujus
603 1386 750 1407 eonstruccio
762 1386 825 1408 valet
836 1393 907 1409 unam
919 1394 1028 1411 marcam.
1063 1389 1161 1413 Camera

90 1411 172 1434 ballivi
183 1419 230 1435 non
242 1414 321 1436 minus
332 1415 412 1443 potest
422 1414 525 1442 reparari
540 1421 611 1443 quam
626 1422 669 1443 pro
685 1422 718 1437 xs.
752 1415 911 1439 Deterioracio
923 1417 1025 1440 duorum
1037 1425 1158 1442 orreorum

89 1441 129 1463 vix
140 1444 241 1471 possunt
253 1443 305 1472 (sic)
316 1444 419 1472 reparari
430 1450 472 1472 pro
484 1443 552 1472 xiij.
564 1445 594 1466 vii
595 1444 629 1472 jdi
665 1444 805 1467 Garnarium
817 1452 863 1467 non
875 1448 955 1475 potest
966 1448 1070 1476 reparari
1081 1449 1160 1472 minus

91 1477 162 1500 quam
170 1479 212 1501 pro
222 1473 285 1501 iiijlz'.
319 1473 405 1495 Deficit
413 1480 461 1495 una
468 1473 552 1495 domus
560 1480 603 1502 pro
612 1474 719 1502 pistrina,
730 1476 753 1496 et
762 1475 888 1497 estimatur
896 1476 960 1504 quod
967 1483 1013 1499 non
1021 1477 1100 1500 minus
1108 1480 1160 1507 pot-

89 1502 126 1523 est
137 1502 240 1530 reparari
249 1509 320 1531 quam
327 1509 370 1531 pro
379 1503 422 1525 xis.
457 1502 569 1525 Clausum
579 1503 607 1525 de
616 1504 779 1532 Couucparke,
791 1505 854 1533 quod
862 1505 948 1533 deficit,
958 1508 982 1528 et
993 1508 1070 1529 cetera
1081 1508 1161 1531 clausa

91 1532 192 1559 possunt
209 1532 313 1560 reparari
329 1539 372 1560 pro
390 1539 451 1560 xxs.‚
470 1533 494 1554 et
511 1538 558 1554 non
575 1533 661 1555 minus.
696 1533 860 1556 Molendinum
875 1535 903 1557 de
920 1535 942 1557 la
954 1536 1010 1558 Pole
1021 1543 1068 1559 non
1080 1538 1158 1561 minus

89 1561 171 1588 potest
182 1562 284 1590 reparari
295 1568 368 1590 qnam
379 1569 422 1590 pro
434 1569 463 1584 cs.
497 1562 571 1583 Aliud
582 1562 743 1585 molendinum
756 1565 835 1591 potest
844 1565 947 1593 reparari
958 1572 1001 1593 pro
1012 1573 1061 1588 una
1071 1574 1156 1590 marca.

91 1589 203 1619 Gardina,
221 1592 334 1619 pomaria,
356 1593 380 1613 et
398 1591 497 1620 piscarie
512 1593 570 1614 sunt
588 1592 612 1613 in
631 1594 696 1614 statu
716 1599 762 1621 quo
778 1594 867 1622 recepit
884 1594 925 1622 H.,
944 1595 1080 1618 Firmarius.
1114 1597 1158 1620 Re-

89 1619 183 1647 paracio
195 1620 292 1642 Camere
303 1621 368 1649 apud
379 1620 578 1648 Brankescumbe,
590 1628 671 1643 versus
684 1622 819 1650 Ecclesiam,
830 1623 893 1645 valet
905 1624 947 1646 lxs.
982 1624 1110 1648 Stabulum
1121 1629 1158 1650 est

90 1649 220 1678 ruinosum,
234 1651 257 1672 et
275 1652 355 1679 potest
373 1651 476 1679 reparari
487 1656 529 1678 pre
541 1650 583 1673 xis.
617 1651 647 1673 Et
659 1651 741 1673 dicunt
753 1659 824 1680 super
834 1653 940 1675 articulis
952 1654 1112 1678 Eri-acutorum
1124 1657 1158 1679 eis

88 1679 209 1707 porrectis,
223 1680 253 1701 ad
268 1680 379 1708 primum,
392 1680 503 1702 videlicet
514 1680 579 1708 quod
594 1680 621 1702 dc
633 1681 804 1703 consuetudine
816 1684 914 1710 pastura
925 1683 995 1706 debet
1006 1685 1120 1708 custodiri
1131 1686 1156 1709 in

88 1708 166 1730 medio
177 1709 264 1731 mensis
274 1709 364 1737 Marcii,
376 1711 399 1732 et
411 1710 508 1731 fuerunt
520 1710 628 1738 impediti
639 1710 667 1732 de
679 1712 776 1739 pastura
788 1711 845 1739 xviij
856 1713 955 1734 vaccarii
966 1719 1008 1741 per
1019 1714 1156 1742 quindecim

87 1736 137 1759 dies
154 1739 209 1760 ante
220 1738 311 1761 dictum
329 1740 431 1767 tempus,
445 1739 475 1761 ad
490 1739 621 1767 dampnum
632 1740 738 1762 defuncti
749 1740 841 1768 xviijd„
860 1748 903 1769 pro
914 1749 941 1764 eo
952 1743 1017 1771 quod
1028 1750 1076 1766 11113
1087 1751 1157 1768 vacca

88 1767 168 1795 potest
178 1767 286 1795 hyemari
297 1769 321 1790 10
332 1769 441 1797 partibus
453 1769 505 1791 istis
516 1775 559 1796 pro
570 1769 619 1797 vjd.
654 1770 722 1796 Item,
741 1769 771 1791 ad
783 1771 920 1798 secundum,
939 1772 1003 1800 quod
1016 1773 1119 1796 boviculi
1130 1775 1155 1797 in

87 1796 154 1818 nuno
165 1797 261 1819 fuerunt
270 1797 433 1826 dampnificati
445 1804 471 1820 eo
483 1797 547 1826 quod
559 1798 617 1820 110110
628 1800 759 1827 potuerunt
770 1800 885 1822 custodiri
894 1801 923 1823 de
934 1802 1025 1830 iuragio
1038 1803 1155 1827 existente

87 1825 112 1847 in
128 1826 238 1848 manibus
256 1827 423 1855 Executorum,
443 1829 516 1856 prout
527 1827 615 1850 habent
631 1835 673 1856 per
688 1831 862 1851 sacramentum
873 1830 895 1858 vj
912 1831 1088 1859 prepositorum
1100 1836 1154 1856 ante

87 1854 128 1877 hec
146 1856 261 1885 tempora.
295 1857 326 1879 Et
343 1857 427 1879 (11011111
445 1857 510 1886 quod
528 1857 595 1879 nulla
612 1864 666 1880 oves
686 1858 757 1886 periit
777 1865 820 1887 pro
842 1859 936 1882 defectu
954 1862 1059 1890 pasture,
1082 1865 1154 1891 prout

87 1883 175 1907 habent
195 1892 237 1914 per
257 1888 430 1908 sacramentum
450 1888 589 1915 pastorun1;
616 1894 658 1909 nee
679 1888 759 1916 aliqua
780 1889 878 1916 pastura
898 1891 1030 1913 communis
1052 1892 1099 1915 fuit
1120 1894 1154 1916 eis

87 1913 188 1937 defensa.
228 1916 258 1938 Et
278 1916 342 1944 quod
359 1916 411 1938 affri
431 1916 525 1938 nullum
545 1916 679 1939 habuerunt
700 1917 819 1939 desectum
835 1919 939 1947 pastum,
962 1926 990 1941 eo
1010 1921 1074 1949 quod
1095 1923 1154 1945 tunc

86 1949 134 1965 non
154 1944 202 1967 fuit
220 1946 315 1973 tempus
337 1947 365 1967 ut
385 1946 567 1974 depascerentur
587 1946 650 1968 erba.
694 1947 723 1969 Et
743 1947 763 1968 si
785 1947 879 1970 fuerant
898 1948 1025 1978 debilitati,
1046 1950 1089 1973 hoc
1106 1952 1153 1975 fuit·

85 1973 150 2001 quod
174 1974 332 1997 vendiderunt
357 1975 439 1997 fenum
464 1976 661 1998 eorunm—Nulla
686 1978 722 1998 est
748 1978 811 1998 terra
835 1977 938 2000 alienata
962 1985 1005 2007 per
1030 1981 1152 2004 ministros

86 2001 194 2031 Magistri
205 2004 290 2026 Jacobi
301 2004 369 2027 clam.
403 2005 434 2027 Et
445 2004 527 2028 (11011111
539 2005 603 2034 quod
615 2005 729 2027 vivarium
743 2006 790 2028 fuit
805 2006 965 2029 instauratum
976 2008 1082 2037 piscibus
1093 2012 1151 2033 tem-

85 2037 141 2060 pore
148 2039 195 2061 quo
204 2033 317 2062 Magister
325 2034 355 2056 H.
364 2034 454 2056 firmam
463 2036 558 2064 recepit,
566 2036 589 2056 et
596 2035 755 2057 instauratum
764 2035 862 2058 dimisit.
887 2037 917 2059 Et
925 2037 1038 2066 Magister
1044 2039 1150 2063 Jacobus

85 2061 141 2083 fecit
152 2062 214 2084 trahi
225 2070 297 2085 unam
313 2063 426 2091 breynam
442 2064 466 2085 et
482 2064 514 2093 xij
532 2064 627 2087 rocheas
644 2066 667 2086 et
678 2065 802 2093 anguillas.
835 2066 866 2088 Et
877 2066 961 2089 (11011111
972 2068 1036 2095 quod
1047 2069 1150 2092 ministri

86 2090 193 2119 Magistri
214 2092 299 2114 Jacobi
320 2094 447 2115 vetuerunt
468 2093 642 2116 Executoribus
665 2095 804 2116 meremium
825 2095 856 2117 ad
876 2096 996 2124 quandam
1022 2100 1150 2121 carrectam

85 2119 222 2151 faciendam,
242 2123 270 2145 ut
288 2122 346 2146 (11011
366 2122 511 2147 Exeeutores
538 2124 677 2154 queruntur.
710 2124 741 2147 Et
758 2124 841 2148 dieunt
858 2126 923 2154 quod
940 2132 988 2149 una
1007 2126 1081 2151 fraxis
1101 2128 1149 2152 fuit

142 2157 182 2188 ΝΞ
