1328 2295
77 152 123 187 70
264 164 342 190 THE
367 165 551 191 REGISTER
577 166 624 192 or
650 165 792 193 BISHOP
819 166 1054 193 STAPELDon.

175 241 262 272 trensi,
284 242 438 274 Officialique
457 252 510 274 suo,
530 247 556 268 et
574 253 661 269 eorum
682 245 870 275 Commissa-riis,
889 245 1041 269 concordans
1059 243 1091 267 de
1110 240 1195 278 verbo·
1207 239 1240 263 ad

175 275 282 298 verbum
293 276 331 299 illi
342 284 391 307 que
403 277 520 301 scribitur
533 285 615 308 supra,
628 278 654 301 in
670 278 791 309 principio
802 278 876 302 istius
888 277 1012 309 quaterni,
1025 279 1051 301 et
1062 283 1112 307 que
1124 275 1241 305 dinglmr

176 307 357 332 Archidiacono
370 312 396 333 et
408 309 462 340 ejus
476 310 580 334 Officiali
594 311 750 341 Cicestrensi,
762 314 808 335 etc.
830 311 875 342 (see
886 318 948 342 page
959 311 1007 340 62).

208 361 429 386 Attackiamentum
435 371 474 387 1——

144 393 291 424 Edwardus‚
308 395 356 418 Dei
372 396 454 426 gracia
471 396 525 420 Rex
541 397 637 427 Anglie,
656 399 711 427 etc„
729 397 877 421 Vieecomiti
894 396 1009 421 Sussexie
1023 392 1241 419 salutem—Pone

176 434 221 457 per
248 427 351 451 vadium
380 430 406 451 et
430 429 509 452 salvos
532 429 626 460 plegios
648 429 799 459 Johannem,
824 430 977 460 Episcopum
1003 429 1192 463 Cicestrensem,
1216 427 1242 462 et

177 459 318 483 Robertum
330 460 361 483 de
374 460 466 492 Derby‚
480 462 548 492 quod
565 463 617 485 sint
635 470 718 486 coram
733 463 805 486 nobis
822 471 836 486 a
853 463 900 486 Die
916 461 1010 485 Pasche
1027 461 1054 484 in
1070 468 1103 484 xv
1121 459 1174 482 dies
1187 457 1240 481 ubi-

177 499 286 523 cumque
298 494 359 516 tunc
371 493 494 517 fuerimus
505 494 532 517 in
544 495 641 525 Anglia,
650 495 775 518 ostensuri
788 503 870 526 quare,
881 502 939 518 cum
952 494 1062 518 Ecclesia
1073 493 1104 516 de
1116 491 1241 528 Boseliam

178 524 212 547 sit
235 525 324 548 Libera
348 525 448 556 Capella
471 529 557 550 nostra
575 530 601 550 et
621 528 652 551 ab
676 528 744 551 omni
764 528 945 551 Jurisdiccione
966 525 1104 554 Ordinaria,
1123 530 1240 555 precipue

177 560 303 587 quantum
320 558 353 581 ad
377 558 488 582 chorum
511 562 537 582 et
560 560 701 584 Prebendas
722 560 831 584 Ecclesie
853 560 929 589 illius,
948 562 973 583 et
989 565 1107 590 personas
1130 556 1240 580 Preben-

178 590 305 613 dariorum
321 591 509 615 Prebendarum
525 592 633 622 illarum,
646 596 672 616 et
688 593 862 616 Ministrorum
877 592 986 616 Ecclesie
1002 591 1121 622 predicte,
1134 597 1162 613 ac
1176 589 1242 612 bona

178 622 366 646 Prebendarum
378 624 521 654 earundem,
534 628 651 656 exempta
664 626 773 656 penitus,
787 628 818 649 ut
829 625 928 655 dicitur,
941 627 968 648 et
979 623 1106 648 immunis.
1142 622 1176 645 Et
1185 629 1240 658 pos,

178 662 224 685 pro
244 663 272 678 eo
291 656 359 686 quod
379 657 470 687 prefati
493 657 631 688 Episcopus
654 661 680 682 et
696 659 828 688 Robertus,
850 659 876 681 in
897 657 997 688 Capella
1015 659 1102 680 nostra
1121 654 1240 692 predicta,

179 687 295 718 precipue
309 689 335 711 in
351 689 439 718 Choro,
458 689 594 720 Canonicis,
609 691 738 721 Ministris,
751 694 777 714 et
796 691 932 714 Prebendis
950 689 1060 713 Ecclesie
1075 688 1194 719 predicte,
1213 694 1242 709 ac

179 720 251 743 bonis
258 721 445 745 Prebendarum
454 722 561 752 illarum,
568 724 583 747 J
586 724 774 747 urisdiccioneni
780 724 938 747 Ordinariam
947 730 1060 746 exercere
1068 720 1242 757 intenderunt,

180 753 246 776 sicut
258 761 288 776 ex
299 754 380 777 relatu
393 755 533 785 accepimus
544 756 718 786 plurimorum,
729 757 823 779 eisdem
836 756 958 787 Episcopo
970 758 996 779 et
1008 755 1117 778 Roberto
1129 753 1243 776 districte

180 785 342 815 prohibemus
351 795 382 810 ne
394 787 504 818 aliquam
512 788 720 812 Jurisdiccionem
730 789 888 813 Ordinariam
900 789 926 812 in
938 789 1026 812 eadem
1037 786 1137 823 Capella
1148 787 1241 822 nostra,

180 818 297 848 precipue
315 819 341 842 in
361 819 449 849 Choro,
468 823 522 850 etc.,
540 829 659 850 exercere,
675 830 720 845 nec
737 822 831 852 aliquid
848 822 915 852 quod
932 821 960 844 in
978 820 1058 844 nostri
1073 818 1242 855 prejudicium

180 852 226 874 aut
245 851 369 875 libertatis
391 853 489 883 Capelle
509 856 594 877 nostre
612 854 723 884 predicte
742 854 861 877 lesionem
885 854 971 877 cedere
989 855 1079 884 posset,
1101 850 1242 888 aliqualiter

181 885 332 914 attemptare
348 888 500 915 presument.
537 887 572 909 Et
587 887 608 909 si
626 887 687 917 quid
704 895 747 917 per
763 887 829 917 ipsos
849 890 894 910 aut
910 886 1040 909 ministros
1058 892 1115 921 suos
1130 883 1242 920 indebite

181 918 362 947 attemptatum
375 920 440 941 esset
451 918 477 941 in
489 918 535 942 hac
544 922 621 949 parte,
632 920 658 942 id
670 920 723 942 sine
735 920 855 942 dilacione
867 919 979 942 facerent
990 925 1106 942 revocari.
1132 916 1243 939 Predicti

83 954 161 975 f0],13‚
178 948 316 980 Episcopus
333 952 359 973 et
377 950 502 974 Robertus
519 951 727 975 Jurisdiceioneni
746 952 903 976 Ordinariam
920 952 947 975 in
968 951 1068 981 Capella
1085 951 1240 986 ”05‘32.Pr?·

182 981 255 1011 dicta,
274 982 391 1013 precipue
410 983 437 1006 in
459 983 547 1012 choro,
569 987 616 1007 etc.
637 988 810 1014 exercuerunt,
829 988 854 1008 et
874 985 922 1008 alia
940 984 1012 1007 nobis
1028 981 1200 1018 prejudicialia
1216 988 1243 1003 ui

182 1013 228 1037 hac
244 1017 315 1045 parte
331 1023 359 1038 eo
374 1016 481 1046 amplius
497 1019 721 1047 attemptaverant,
734 1020 760 1040 et
776 1017 858 1041 adhuc
874 1019 1025 1047 attempta-re
1041 1023 1091 1039 non
1107 1015 1241 1042 desistunt,

181 1054 210 1070 ea
226 1054 274 1077 que
289 1055 334 1078 per
349 1048 415 1078 ipsos
429 1051 455 1072 ct
472 1049 601 1073 ministros
619 1058 677 1073 suos
693 1050 719 1073 in
736 1050 863 1081 premissis
880 1052 942 1073 sunt
959 1049 1072 1072 indebite
1089 1048 1243 1083 attemptata

180 1087 294 1103 revocare
317 1081 419 1110 penitus
442 1081 585 1111 differendo,
605 1082 631 1105 in
650 1083 730 1106 nostri
751 1086 777 1106 et
797 1083 866 1106 Juris
885 1082 966 1106 nostri
986 1081 1057 1112 Regii
1074 1080 1242 1111 prejudicium

180 1112 353 1144 libertatisque
373 1114 471 1144 Capelle
487 1117 572 1138 nostre
588 1115 698 1145 predicte
714 1116 833 1139 lesionem
849 1115 1017 1144 manifestam,
1036 1116 1062 1137 et
1078 1116 1164 1137 contra
1182 1112 1241 1135 Pro-

180 1144 340 1169 hibucionem
358 1150 478 1170 nostram.
513 1147 548 1170 Et
568 1147 659 1171 habeas
678 1148 714 1171 ibi
734 1148 835 1171 nomina
854 1148 993 1179 plegiorum
1012 1149 1038 1170 et
1057 1146 1104 1169 hoc
1124 1146 1244 1182 Rreve.—.

180 1177 254 1200 Teste
272 1178 374 1209 meipso,
393 1180 460 1209 apud
481 1180 608 1210 Newerke,
627 1181 736 1204 secundo
755 1181 796 1204 die
816 1180 953 1210 Februarii,
973 1180 1047 1204 Anno
1065 1179 1144 1209 Regni
1162 1179 1243 1201 nosti-i

180 1212 251 1233 sexto
265 1211 361 1234 decimo
379 1210 500 1241 [1322-SJ.

212 1266 310 1291 Placita
333 1276 414 1291 coram
434 1268 539 1292 Domino
564 1270 630 1300 Rcyc,
655 1270 724 1300 apud
744 1270 888 1299 Eboracum,
910 1278 926 1293 α
949 1269 990 1293 <lie
1013 1267 1099 1292 San-cti
1122 1266 1245 1304 Iohannis

245 1300 356 1330 Baptista
375 1300 403 1324 in
418 1309 449 1324 πυ
463 1302 522 1331 dics,
538 1303 609 1326 Anno
626 1303 703 1333 Requi
720 1303 792 1333 Regis
807 1303 932 1332 Edwardi,
952 1302 1014 1326 Filii
1030 1302 1101 1332 Regis
1119 1299 1244 1329 Edwardz,

245 1333 335 1356 decimo
346 1333 444 1364 septimo
456 1334 697 1365 incipiente—Inm-
708 1336 805 1359 Placita
817 1336 894 1366 Rem&-

148 1364 442 1395 Sussexia.——Johannes,
453 1367 591 1398 Episcopus
602 1368 770 1398 Cicestreusis⁷
778 1369 931 1391 attachiatus
938 1368 989 1391 fuit
997 1367 1028 1391 ad
1040 1365 1243 1397 respondendum

181 1398 290 1421 Domino
303 1399 364 1429 Regi
373 1400 404 1422 de
416 1400 518 1429 Placito,
532 1408 614 1430 quare,
628 1409 686 1424 cuni
696 1402 805 1424 Ecclesia
817 1402 847 1424 de
860 1401 982 1424 Boseham
994 1400 1028 1423 sit
1041 1400 1130 1423 Libera
1142 1397 1243 1429 Capella

180 1430 255 1461 Regis
271 1433 297 1454 et
312 1431 343 1454 ab
360 1432 428 1455 omni
446 1433 461 1456 J
465 1433 626 1456 urisdiccione
646 1434 783 1463 Ordiiiauia,
800 1434 916 1464 precipue
932 1436 1058 1464 quantum
1073 1432 1105 1455 ad
1122 1431 1241 1459 Chorum,

181 1465 226 1486 etc.
242 1464 279 1492 (ut
290 1464 385 1494 supra),
398 1468 514 1495 exempta
526 1466 634 1496 penitus,
645 1469 675 1489 ut
687 1467 786 1495 (licitur,
795 1470 821 1489 et
832 1466 959 1493 immunis,
970 1468 995 1489 et
1007 1466 1067 1494 Rex,
1077 1472 1122 1495 pro
1134 1472 1162 1487 eo
1175 1463 1244 1494 quod

180 1496 294 1526 prefatus
312 1497 449 1527 Episcopus
466 1498 492 1521 in
512 1499 612 1529 Capella
630 1499 706 1529 Regia
724 1499 842 1529 predicta,
855 1499 972 1529 precipue
989 1498 1015 1521 in
1034 1497 1123 1526 Choro,
1139 1498 1184 1520 ete.
1204 1495 1242 1525 (ut

180 1529 275 1559 supra),
292 1529 308 1552 J
312 1529 500 1553 urisdiccionem
513 1531 670 1554 Ordinariam
683 1539 793 1555 exercere
806 1532 923 1561 intendit,
932 1531 998 1554 sicut
1010 1537 1042 1554 ex
1053 1530 1135 1553 relatu
1146 1530 1242 1559 accepit

180 1561 235 1584 Rex
254 1562 429 1592 plurimorum,
447 1563 528 1586 eidem
546 1564 668 1594 Episcopo
688 1565 801 1588 districte
824 1564 981 1595 prohibuerit
1003 1564 1057 1586 Rex
1079 1570 1111 1586 ne
1131 1562 1241 1592 aliquam

179 1594 388 1618 Jurisdiccionem
403 1596 560 1619 Ordinariam
572 1597 598 1619 in
611 1597 698 1620 eadem
712 1597 811 1627 Capella
824 1597 905 1627 Regis,
917 1596 1034 1627 precipue
1046 1597 1091 1619 etc.
1107 1593 1241 1631 (ut-sypra)

180 1626 322 1657 aliqualiter
341 1629 493 1658 attemptare
512 1632 684 1659 prcsumeret;
711 1632 737 1653 et
764 1630 785 1653 si
805 1630 867 1660 quid
888 1637 932 1660 per
951 1629 1036 1659 ipsum
1055 1630 1100 1651 aut
1115 1629 1243 1650 ministros

181 1667 239 1682 suos
258 1659 369 1683 indebite
392 1664 576 1691 attemptatum
596 1665 660 1685 esset
681 1663 707 1685 in
727 1662 773 1686 hac
794 1665 864 1693 parte
884 1662 910 1685 id
930 1662 984 1685 sine
1007 1660 1127 1696 dilacione
1149 1660 1243 1696 taceret

179 1692 457 1723 revocari,—predictus
468 1694 693 1725 Episcopiis,simul
703 1703 759 1718 cum
769 1695 878 1718 Roberto
888 1695 918 1718 de
927 1694 1021 1725 Derby,
1031 1694 1047 1717 J
1050 1693 1242 1728 urisdiccionem

180 1725 338 1748 Ordinariam
357 1725 384 1748 in
404 1726 504 1756 Capella
524 1726 598 1757 Regis
622 1728 740 1758 predicta,
759 1728 882 1758 precipue,
903 1729 949 1750 etc.
970 1727 1009 1756 (ut
1025 1725 1111 1756 supra)
1129 1725 1242 1748 exereiut

179 1760 224 1780 etc.
247 1757 283 1786 (ut
306 1758 399 1788 supra).
436 1759 469 1782 Et
493 1759 561 1782 unde
581 1760 648 1783 idem
669 1761 793 1783 Dominus
812 1761 873 1789 Rex,
889 1767 934 1791 per
949 1759 1032 1782 Adam
1050 1759 1082 1781 de
1102 1757 1239 1789 Fyncham,

179 1790 223 1820 qui
235 1790 350 1820 sequitur
360 1799 405 1821 pro
418 1799 453 1820 eo,
467 1792 528 1815 dicit
540 1793 615 1823 quod,
628 1800 686 1816 cum
698 1793 808 1816 Ecclesia
819 1793 850 1816 de
862 1792 985 1816 Boseham
996 1792 1030 1815 sit
1042 1790 1131 1814 Libera
1141 1789 1242 1826 Capella

180 1823 262 1852 Regis⁷
275 1825 320 1846 etc.
335 1824 373 1852 (ut
384 1825 469 1854 supra)
484 1832 490 1853 3
508 1827 534 1848 et
545 1833 589 1855 pro
603 1833 630 1848 eo
643 1826 710 1856 quod
729 1826 842 1856 prefatus
860 1825 999 1855 Episcopus
1010 1824 1037 1847 in
1050 1823 1151 1854 Capella
1161 1822 1239 1852 Regia

179 1855 298 1885 predicta,
322 1856 445 1886 precipue,
469 1860 514 1880 etc.
546 1860 582 1887 (ut
609 1858 695 1888 supra)
719 1858 927 1881 Jurisdiccionem
951 1856 1108 1881 Ordinariam
1126 1862 1240 1878 exercere

178 1888 296 1916 intendit,
317 1888 393 1918 Regia
416 1889 556 1913 Prohibicio
579 1890 660 1913 eidem
684 1891 806 1921 Episcopo
828 1890 903 1913 missa
925 1890 982 1918 fuit,
1000 1892 1026 1913 et
1048 1888 1153 1912 liberata
1172 1887 1240 1918 apud

179 1920 297 1949 Cakham,
311 1920 351 1943 die
363 1921 378 1944 J
381 1921 433 1944 ovis
445 1922 471 1944 iii
484 1922 558 1945 Festo
573 1923 660 1946 Sancti
677 1923 814 1952 Laurencii,
827 1925 900 1946 Anno
917 1922 991 1953 Regis
1007 1929 1074 1945 nunc
1091 1918 1239 1957 octauo-[10

177 1953 283 1983 August),
293 1953 374 1982 1314]‚
382 1961 426 1984 pei·
435 1954 590 1978 Willelmum
602 1956 633 1978 de
644 1956 793 1986 Watergate,
805 1956 831 1978 in
844 1955 970 1986 presencia
978 1953 1077 1978 Ricardi
1088 1954 1119 1977 de
1129 1953 1239 1982 Kilring-

177 1988 236 2008 tone
244 1988 270 2008 et
282 1985 381 2009 Ricardi
393 1986 423 2009 de
437 1987 521 2017 Otery,
530 1995 561 2010 ne
573 1987 719 2018 hujusmodi
729 1988 937 2012 Jurisdiccionem
946 1987 1102 2011 Ordinariam
1113 1986 1239 2022 exerceret

176 2018 202 2041 in
225 2018 311 2041 eadem
323 2026 328 2047 ;
352 2018 419 2041 idem
442 2019 587 2050 Episcopus,
611 2028 661 2044 non
685 2021 800 2044 obstante
823 2020 899 2051 Regia
916 2019 1098 2043 Prohibucioue
1121 2018 1241 2049 predicta,

176 2051 192 2074 J
195 2050 384 2074 urisdiecioncm
403 2051 560 2075 Ordiuariam
578 2053 603 2076 iii
617 2053 716 2083 Capella
729 2053 802 2084 Regis
814 2053 925 2084 predicta
943 2052 1061 2081 exercuit,
1074 2054 1104 2075 ut
1115 2050 1240 2074 visitando

177 2083 296 2112 Choruni,
316 2083 459 2113 canonicos,
481 2087 506 2108 et
526 2085 655 2108 Ministros
675 2086 750 2109 Chori
767 2087 793 2109 in
815 2086 904 2115 Choro,
924 2088 951 2109 et
971 2084 1152 2115 sequestrando
1172 2083 1238 2119 bona..

176 2116 359 2139 canonicorum
371 2116 397 2139 in
409 2117 546 2141 Prebenclis
558 2118 617 2147 suis,
630 2118 746 2142 videlicet
765 2118 861 2142 'rhome
877 2119 908 2142 de
925 2118 1077 2148 Stapeldone
1096 2119 1123 2140 et
1134 2115 1239 2140 Roberti

172 2148 329 2179 Herewaxde,
341 2150 367 2174 et
379 2149 485 2174 alioruin
500 2150 683 2175 Cunouicorum
695 2154 721 2176 et
733 2150 959 2181 Prebendariorurn
970 2150 1072 2180 ibidem,
1085 2151 1112 2175 et
1123 2148 1237 2174 tenendo
