1328 2295
459 174 625 201 GENERAL
655 176 787 204 ΙΝΒΕΧ.
1126 167 1196 204 183

103 246 257 271 Innocencius
274 249 413 279 Episcopus,
430 252 484 280 etc.,
501 252 684 275 Venerabilihus
701 253 831 282 Fratribus,
849 255 903 282 etc.,
922 254 1079 277 Ecclesiarum
1096 254 1197 276 Prelatis

132 283 175 305 per
190 278 301 307 Angliam
324 280 469 309 constitutis,
490 283 600 310 salutem,
621 283 783 311 etc.—Dignis
801 283 914 306 laudibus
940 284 1074 306 attollimus
1090 283 1196 312 magnifi-

132 307 233 329 cenciam
256 308 373 331 Creatoiis
395 311 466 339 quod,
490 313 618 340 postquam
640 312 713 340 Idem,
732 313 779 340 Qui
800 315 835 335 est
857 313 973 335 mirabilis
994 315 1017 336 et
1038 313 1151 335 terribilis
1173 313 1198 334 in

133 337 236 359 consiliis
254 344 325 367 super
341 339 402 361 filios
423 340 555 369 hominum,
573 341 721 370 aliquamdiu
737 343 857 365 tolleravit
873 344 901 365 ut
917 343 1038 371 perflando
1055 343 1197 365 discurreret

130 371 172 393 per
182 367 284 389 areolam
296 369 342 391 orti
354 368 395 391 Sui
411 370 510 398 spiritus
521 372 679 399 tempestatis,
697 372 765 400 quasi
780 372 865 394 ludens
876 372 957 395 taliter
968 373 992 394 in
1002 373 1058 395 orbe
1070 374 1193 400 terrarum,

133 396 161 416 ut
179 396 212 418 sic
231 397 365 420 ostenderet
381 399 544 422 infirmitatem
562 402 585 422 et
603 401 795 423 insuflicieuciam
812 403 925 430 nostram,
943 402 1012 424 nobis
1033 403 1119 425 statuit
1140 408 1195 424 cum

133 424 216 454 voluit,
229 427 344 455 Aquiloni
358 428 421 450 dixit
438 429 480 457 Da,
494 431 517 452 ct
534 430 622 452 Austro
640 431 696 452 Noli
713 431 845 459 prohibere,
868 432 986 460 imperans
1003 432 1079 454 ventis
1095 433 1119 454 et
1135 431 1196 453 mari

131 455 218 478 statuit
236 457 363 484 procellam
381 457 406 479 in
422 465 512 487 auram,
530 461 557 481 ut
575 461 647 482 naute
668 462 765 488 portum
782 461 869 490 quietis
890 461 1012 484 inveniant
1033 462 1194 490 peroptatum.

133 483 201 513 Cum,
216 486 286 514 enini,
302 487 365 509 inter
376 487 483 516 Regnum
496 490 519 510 et
530 489 694 511 Sacerdocium
707 490 798 519 Anglie,
812 497 859 512 uon
875 491 925 513 sine
942 498 1026 519 magno
1042 491 1148 519 periculo
1160 492 1194 512 at-

132 520 177 541 que
194 514 305 544 dampno,
324 523 396 545 super
412 517 575 540 Eleecionihus
588 519 734 541 Prelatorum
750 520 827 548 gravis
843 520 916 542 fuerit
932 520 1091 542 controversia
1102 520 1196 542 diucius

132 543 228 572 agitata,
248 545 293 567 Illo
311 546 407 568 tandem
427 547 471 569 Cui
488 547 561 569 nichil
579 550 614 570 est
631 549 777 577 impossibile
797 550 891 578 Quique
907 550 949 572 ubi
965 550 1018 572 vult
1034 550 1109 578 spirat
1125 550 1194 571 mira-

131 572 211 595 biliter
226 577 374 603 cooperante,
393 577 529 599 carissimus
546 578 569 599 ir.
586 578 682 600 Christo
699 579 774 601 Filius
791 581 878 608 noster,
900 579 916 601 J
920 579 1022 602 ohannes
1040 580 1090 602 Rex
1108 579 1194 608 Anglie

131 601 238 631 illustris,
263 604 392 628 liberaliter
413 613 441 628 ex
462 613 527 628 mera
547 609 571 629 et
592 609 721 636 spontanea
739 608 871 636 voluntate,
894 609 924 631 de
942 616 1055 631 consensu
1074 608 1195 631 communi

131 638 227 655 suorum
249 634 377 663 Beronum,
404 642 447 664 pro
469 636 545 658 salute
566 637 643 659 anime
665 644 706 659 sue
727 645 753 660 ac.
775 638 966 666 predecessorum
987 640 1011 661 et
1032 645 1194 661 successorum

131 668 235 691 suorum,
249 663 317 686 nobis
328 665 450 693 concessit,
464 667 488 687 et
499 666 548 687 suis
561 666 645 688 Litoris
657 667 813 695 confirmavit,
831 669 858 690 ut
870 668 899 690 de
910 669 994 696 cetero,
1008 668 1032 690 in
1043 668 1159 690 universis
1170 669 1195 690 et

131 691 230 720 singulis
246 693 357 716 Ecclesiis
374 701 401 716 ac
413 695 435 716 M
440 695 563 717 onasteriis
575 696 756 719 cathedralibus
773 699 797 719 et
809 697 1012 720 Conventualibus
1029 698 1107 720 tocius
1118 698 1194 726 Regni

132 721 217 750 Anglie
228 722 396 751 inperpetuum
407 724 479 746 libere
491 725 549 747 fiant
556 725 689 748 Elccciones
698 733 903 756 quorumcumque
911 727 1068 756 Prelatorum,
1077 727 1195 756 majorum

132 751 206 773 eciam
227 754 250 773 et
272 753 398 776 minorum.
432 754 490 782 Nos,
513 755 593 782 igitur,
616 757 710 784 gratum
731 758 755 778 et
775 758 854 778 ratum
875 757 997 785 habentes,
1020 758 1194 779 concessionem

132 780 271 809 hujusmodi
282 782 357 810 vobis,
375 785 399 805 et
409 790 451 812 per
465 790 503 806 ros
515 784 624 807 Ecclesiis
636 786 660 807 et
670 786 845 808 successoribus
857 787 949 814 vestris,
968 788 1040 815 prout
1051 787 1075 808 111
1087 787 1194 815 ejusdem

132 810 203 838 Regis
224 811 308 833 Literis
329 813 493 841 perspeximus
514 814 637 842 contineri,
660 815 802 838 auctoritate
824 816 963 844 Apostolica
984 816 1150 838 confirmamus
1171 817 1195 838 ct

131 841 247 868 presentis
258 841 346 869 Scripti
361 843 493 870 patrocinio
504 844 686 866 communimus,
720 845 758 866 Ad
774 845 895 873 majorem,
915 847 1003 873 autem,
1022 846 1159 868 firmitatem
1171 847 1195 867 et

130 871 270 898 perpetuam
281 872 419 894 memoriam
430 872 569 901 hujusmodi
580 874 620 901 rei,
639 874 724 902 prefati
742 874 811 903 Regis
823 875 913 897 Literas
930 882 1001 904 super
1017 875 1060 897 hoc
1077 876 1195 897 confectas

132 899 283 922 Presentibus
296 901 366 923 inseri
377 901 490 930 fecimus;
508 909 607 931 quarum
624 905 693 925 tenor
708 905 744 926 est
761 904 870 929 'salim—21
875 904 986 933 ohannes,
1000 905 1041 926 Dei
1055 905 1133 933 gracia
1144 905 1195 926 Rex

131 929 223 957 Anglie,
242 929 358 952 Dominus
376 931 498 959 Hiberuie,
520 934 543 954 rt
560 933 615 954 Dux
627 933 756 961 Aquitauie
775 936 799 956 et
816 934 968 962 Normanuie,
987 936 1010 956 et
1022 934 1105 956 Comes
1118 934 1195 956 Ande-

132 959 206 987 gavie,
220 960 419 988 Ambiepiscopis,
438 961 570 990 Epi-scopis,
583 962 725 990 Comiiibus,
744 963 885 992 Baronibus,
904 965 927 986 et
940 964 1067 990 Militibus,
1086 964 1193 991 Ballivis,

131 990 155 1010 et
166 988 276 1011 omnibus
286 989 329 1011 lias
344 990 430 1012 Literas
442 991 535 1018 visuris,
549 991 772 1019 saluteni.<Quuin
789 993 850 1015 inter
861 1000 903 1015 nos
914 995 938 1015 et
949 993 1102 1016 Venerabiles
1114 994 1196 1016 Patres

131 1019 232 1046 nostros,
253 1018 400 1047 Stephanum
420 1020 547 1042 Cantuarie
564 1021 784 1050 Archiepiscopum,
808 1023 885 1044 tocius
907 1023 992 1051 Anglie
1011 1023 1148 1050 Primatem,
1171 1024 1196 1045 et

132 1047 217 1070 Sancte
240 1048 344 1070 Romane
361 1049 463 1071 Ecclesie
483 1050 640 1078 Cardinalem,
662 1051 808 1073 Willclmum
826 1052 1020 1079 Londoniensem,
1039 1053 1196 1075 Eustachium

132 1077 258 1105 Eliensem,
276 1078 387 1106 Egidium
405 1079 596 1108 Herfordenseni,
614 1081 749 1102 docelinum
762 1081 945 1104 Bathoniensem
962 1084 986 1104 et
996 1082 1194 1109 Glastoniensem‚

132 1108 156 1128 et
168 1107 295 1134 Hugonem
303 1107 498 1137 l.Ancolniensem⁷
512 1109 649 1138 Episcopos,
662 1117 734 1139 super
741 1110 850 1139 dampnis
862 1112 886 1133 et
897 1111 982 1133 ablatis
994 1119 1075 1134 eorum
1090 1118 1197 1140 tempore

132 1136 265 1164 Jnterdicti,
283 1144 325 1165 per
336 1137 380 1159 Dei
391 1138 500 1166 graciam,
520 1139 548 1161 de
560 1146 623 1161 mera
635 1142 658 1161 ct
669 1140 743 1162 libera
755 1140 877 1163 voluntate
890 1141 1014 1170 utriusque
1027 1142 1111 1170 Partis,
1128 1142 1197 1170 plene

133 1166 249 1193 convenit,
269 1166 378 1189 volumus
394 1174 440 1189 non
457 1168 532 1190 solum
551 1169 592 1196 eis,
609 1171 725 1197 quantum
742 1170 872 1192 secundum
885 1170 961 1192 Deum
976 1178 1111 1199 possumuS,
1129 1171 1197 1193 satis-

132 1195 215 1223 facere,
239 1203 322 1218 verum
337 1197 411 1219 eciam
427 1198 474 1220 toti
485 1198 587 1220 Ecclesie
601 1199 728 1227 Anglicaue
745 1199 872 1221 salubriter
885 1202 908 1222 et
925 1200 1017 1222 utiliter
1028 1201 1197 1229 inperpetuum

132 1225 261 1254 providere.
297 1226 354 1248 Inde
375 1229 411 1249 est
432 1227 496 1255 quod
515 1227 695 1257 qualiscumque
716 1229 871 1257 consuetudo,
894 1230 1043 1258 temporibus
1064 1231 1151 1252 nostris
1173 1232 1198 1252 et

132 1255 324 1283 predecessorum
340 1257 474 1278 nostrorum
494 1257 607 1279 hactenus
624 1259 648 1279 111
666 1258 768 1280 Ecclesia
784 1259 915 1285 Anelicana
935 1260 1007 1282 fuerit
1023 1259 1155 1288 observata,
1174 1261 1198 1282 et

133 1285 246 1313 quicquid
260 1285 321 1313 juris
340 1285 408 1307 nobis
427 1286 540 1308 hacteuus
554 1287 756 1310 vendicaverimus
771 1288 795 1310 111
813 1289 976 1311 Eleccionibus
991 1296 1198 1318 quorumcumque

133 1314 289 1342 Prelatorum,
312 1321 354 1337 uos
375 1315 405 1337 ad
426 1316 532 1344 ipsorum
553 1317 702 1344 peticionem,
722 1324 765 1346 pro
787 1318 863 1340 salute
883 1318 959 1340 anime
977 1320 1056 1341 nostre
1075 1320 1098 1341 et
1115 1319 1196 1348 prede-

133 1350 251 1365 cessorum
278 1351 303 1366 ac
329 1351 490 1367 successorum
513 1348 656 1371 nostrorum.
686 1347 775 1374 Regum
798 1348 889 1376 Anglie,
918 1348 1055 1377 liberaliter,
1083 1356 1147 1371 mera
1173 1350 1198 1371 et

132 1374 263 1402 spontanea
275 1373 404 1402 voluntate,
417 1375 446 1397 de
458 1376 577 1397 communi
589 1383 704 1398 consensu
716 1377 835 1399 Baronum
847 1379 990 1406 nostrorum,
1004 1379 1162 1401 concessimus
1173 1380 1198 1400 et

133 1403 308 1431 constituimus,
332 1406 355 1426 et
376 1404 419 1426 hac
441 1405 544 1433 presenti
567 1406 637 1427 Carta
656 1408 737 1428 nostra
757 1407 956 1435 confirmavimus,
979 1409 1007 1430 ut
1029 1408 1057 1430 de
1079 1410 1155 1430 cetero
1173 1408 1196 1430 in

132 1432 248 1455 universis
267 1435 290 1455 et
303 1433 403 1461 singulis
420 1434 529 1456 Ecclesiis
547 1436 571 1457 et
589 1435 737 1457 Monasteriis
754 1436 937 1459 Cathedralibus
953 1438 976 1459 et
993 1438 1197 1460 Conventualihus

133 1462 211 1484 tocius
224 1462 298 1491 Regni
315 1463 389 1485 nostri
401 1463 494 1492 Anglie,
513 1464 585 1486 libero
604 1465 651 1487 sint
664 1465 832 1494 inperpetuum
844 1466 978 1489 Elem-iones
990 1474 1196 1496 quorumcumque

134 1492 289 1519 Prelatorum,
310 1493 427 1519 maiorum
445 1494 468 1515 et
484 1493 616 1519 minorum:
639 1495 704 1516 salva
719 1495 787 1517 nobis
804 1497 827 1517 ct
843 1495 970 1518 heredibus
986 1497 1073 1519 nostris
1090 1497 1199 1519 custodia

133 1521 289 1544 Ecclesiarum
308 1522 506 1544 Monasteriorum
525 1524 662 1546 vacancium
680 1531 725 1552 quc
744 1525 773 1546 ad
790 1532 832 1546 nos
852 1525 978 1553 pertinent.
1022 1527 1195 1554 Promittimus,

133 1551 214 1578 eciam,
233 1551 297 1580 quod
312 1558 355 1573 nec
371 1552 528 1580 impediemus
545 1560 586 1574 nec
606 1554 715 1582 impediri
732 1555 897 1582 permittemus
913 1562 955 1584 per
972 1557 1072 1584 nostros,
1090 1563 1132 1578 nec
1143 1563 1195 1585 pro-

133 1580 268 1602 curabimus
279 1581 337 1609 quin
349 1581 372 1603 in
384 1582 483 1610 singulis
495 1584 519 1604 et
531 1583 646 1605 universis
658 1583 768 1605 Ecclesiis
779 1586 803 1606 et
815 1584 964 1607 Monasteriis
975 1586 1117 1614 memoratis,
1132 1588 1196 1614 post·

133 1617 204 1638 quam
225 1610 368 1638 vacaverint,
396 1611 516 1640 prelature
540 1612 737 1641 quandocumque
763 1614 881 1636 voluerint
907 1614 979 1636 libere
1001 1615 1046 1637 sibi
1072 1615 1196 1644 preficiant

134 1639 252 1662 Electores
264 1640 384 1662 Pastorem
397 1648 402 1668 ;
420 1641 503 1669 petita,
524 1643 610 1668 tamen,
632 1643 697 1671 prius
714 1650 727 1664 a
743 1643 811 1665 nobis
828 1645 851 1665 ct
862 1643 989 1666 heredibus
1000 1645 1087 1667 nostris
1099 1645 1197 1667 licencia

134 1669 242 1698 eligendi⁷
261 1676 333 1698 quam
351 1677 398 1692 non
418 1670 586 1699 denegabimus
607 1678 649 1693 nec
671 1672 813 1695 differemus.
854 1673 884 1695 Et
905 1674 925 1695 si
946 1674 1015 1702 forte,
1038 1675 1103 1703 quod
1124 1675 1194 1702 absit,

134 1699 310 1727 denegaremus,
338 1699 506 1722 nichilominus
533 1701 662 1729 procedant
688 1702 807 1724 Electores
833 1702 863 1724 ad
885 1703 1031 1726 Eleccionem
1053 1704 1196 1727 Cauonicam

135 1728 272 1751 faciendam.
317 1729 347 1751 Et
374 1729 490 1757 similiter,
519 1732 574 1759 post
600 1731 741 1753 celebratam
770 1732 925 1760 Eleccionem,
956 1735 1036 1755 noster
1062 1735 1197 1763 requiratur

135 1764 250 1786 assensus,
276 1765 347 1787 quem
365 1765 412 1780 non
431 1759 599 1788 denegabimus
617 1761 661 1782 nisi
683 1761 774 1789 aliquid
797 1762 938 1784 racionabile
959 1764 1153 1791 proposuerimus
1175 1765 1198 1786 et

135 1787 207 1809 libere
220 1788 406 1816 probaverimus,
426 1791 523 1817 propter
538 1790 601 1818 quo-l
617 1797 663 1812 non
677 1790 804 1813 debeamus
819 1792 957 1814 consentire.
992 1794 1069 1820 Quare
1086 1793 1197 1815 volumus

135 1818 159 1839 et
174 1817 272 1839 firmiter
285 1817 398 1846 jubemus
415 1825 443 1840 nc
460 1819 520 1847 quis,
539 1819 679 1841 vacantibus
691 1820 800 1842 Ecclesiis
817 1821 854 1842 vel
866 1821 1024 1850 Monasteriis,
1040 1824 1122 1845 contra
1137 1823 1198 1845 hanc

135 1848 239 1868 nostram
247 1847 426 1869 Concessionem
437 1849 461 1870 et
470 1848 673 1871 Constituoionem
683 1849 707 1871 in
715 1850 795 1878 aliquo
804 1851 883 1873 veniat
891 1851 927 1873 vel
935 1852 1012 1873 venire
1020 1854 1149 1880 presumat.
1174 1853 1199 1875 Si

135 1876 195 1904 quis,
213 1883 275 1905 vero,
293 1878 375 1899 contra
386 1877 437 1905 hoc,
455 1877 535 1906 aliquo
547 1880 660 1906 tempore,
674 1886 788 1908 umquam
799 1880 897 1908 venerit,
915 1881 1107 1904 malediccicmem
1119 1882 1199 1904 Omni-

135 1906 239 1934 potentis
248 1906 292 1928 Dei
299 1908 323 1928 et
331 1908 435 1929 nostram
443 1907 555 1929 incurrat.
590 1908 644 1930 Hiis
652 1909 763 1930 'Postibus
773 1916 777 1933 ;
786 1910 887 1937 -Petro,
898 1910 1063 1939 Wyntoniensi
1071 1912 1197 1940 Episcopo,

137 1935 255 1957 Willelmo
273 1936 418 1964 Mai-escalle,
437 1937 529 1959 Comite
546 1937 704 1965 Pembrochie,
719 1940 772 1966 etc„
786 1939 915 1967 Willelmo,
935 1940 1027 1962 Comitc
1044 1941 1199 1970 Warrenuie3

136 1964 271 1994 RanulphO,
291 1966 383 1988 Comite
397 1966 500 1994 Cestriffi
519 1967 605 1994 Saiero,
620 1967 711 1989 Comite
722 1968 851 1996 Wyntonie
863 1976 868 1996 3
886 1969 993 1991 Galfrido
1004 1970 1033 1992 (10
1046 1970 1197 1999 manneville,

137 1994 227 2017 Comite
249 1995 396 2017 Gloucestrie
422 1997 446 2018 et
467 1996 577 2022 Essexie3
606 1997 731 2022 Willelmo,
757 1998 849 2020 Comite
871 1999 899 2020 de
922 1999 1050 2027 Fer1·a1·iis;
1078 2001 1199 2022 Willelmo

136 2024 250 2051 Briwere;
268 2024 364 2046 Wariuo
387 2025 435 2047 filio
454 2026 567 2052 Geraldi3
585 2026 705 2048 willelmo
721 2027 749 2048 de
768 2028 910 2056 Cantilnp03
929 2029 1032 2051 Henrico
1051 2029 1079 2051 de
1091 2030 1199 2057 Neville;

137 2053 241 2076 Roberto
257 2054 286 2076 de
305 2054 380 2081 Vere3
403 2054 523 2077 Willelmo
541 2055 569 2077 de
590 2055 777 2084 Huntyngrelde.
793 2057 910 2086 —Datum,
930 2065 972 2087 per
989 2066 1073 2081 manus
1092 2060 1200 2088 Magistri

137 2083 231 2105 Ricardi
242 2083 270 2105 de
283 2083 397 2111 Mariscis,
411 2084 549 2106 Cancellarii
561 2085 644 2112 nostri,
664 2093 694 2107 xv
705 2086 742 2107 die
754 2086 871 2112 Jauuarii,
889 2088 953 2116 apud
966 2088 1061 2110 Novum
1073 2089 1199 2118 Templum

136 2112 305 2140 Londoniense,
319 2115 387 2135 Anno
400 2113 474 2142 Regni
490 2114 564 2136 nostri
576 2115 628 2142 xvj0
644 2115 878 2144 [isthmi—Nulli,
892 2124 954 2145 crgo,
968 2118 1063 2140 omnino
1075 2118 1199 2140 hominum

136 2142 207 2166 liceat
222 2142 283 2165 hanc
301 2143 414 2171 Paginam
431 2144 511 2167 nostre
529 2144 723 2168 Coniirniacionis
741 2145 874 2175 infringere,
898 2147 936 2170 vel
954 2147 975 2170 ci
996 2154 1056 2170 ausu
1076 2149 1201 2171 temerario
