1328 2295
141 167 211 201 318
339 177 417 202 THE
434 177 619 203 REGISTER
636 178 684 204 OF
702 178 843 204 BISHOP
861 178 1092 204 STAPELDON.

226 253 278 281 oyir
294 260 336 276 vos
347 254 491 277 confessions
502 256 527 277 et
537 262 596 277 vous
607 255 720 278 assoudre
736 256 765 278 de
776 262 818 278 vos
838 255 938 284 pecchez
949 256 973 277 et
989 254 1120 283 enjoyndre
1130 259 1251 283 penaunce
1262 259 1292 275 eu

227 283 273 305 due
289 283 371 312 forme,
385 286 409 306 et
425 285 526 307 chescun
543 285 607 307 deux
626 286 658 307 eit
672 287 752 307 nostre
768 292 841 314 poyer
857 287 932 314 quant
947 291 961 306 a
976 284 1000 306 la
1011 284 1167 313 penauncerie
1178 289 1207 305 en
1218 290 1256 306 cas
1267 282 1292 311 qi

137 311 204 333 Quod
225 319 284 335 vous
300 314 422 342 touchent,
435 322 449 336 a
465 315 536 336 durer
552 322 565 337 a
579 316 658 337 nostre
669 315 770 338 volente.
804 316 873 343 Item,
885 321 973 343 purceo
982 321 1010 343 qe
1026 321 1112 336 ascune
1127 313 1185 336 soitz
1196 318 1293 336 ascunes

136 338 201 357 ”¹¹11st
225 342 313 365 Dames
329 343 357 365 de
369 346 447 366 vostre
459 344 568 372 Religion
584 346 651 367 orent
666 344 705 366 lur
720 345 860 367 damoiseles
876 344 991 366 severales
1002 350 1045 372 por
1055 344 1114 366 faire
1124 343 1292 366 severaiement

135 364 383 410 1¹3⁰ss¹1¹¹¹⁵¹¹lurviaunde³
396 374 416 395 si
428 374 557 402 ordinoms,
570 374 668 402 voloms,
679 376 703 396 et
714 374 852 396 establioms
863 381 891 403 qe
902 375 964 396 totes
976 373 1046 395 celles
1057 373 1196 396 damoiseles
1207 373 1291 401 soyent

135 395 172 435 eg}
181 402 252 433 do-de
263 404 303 424 tut
314 404 364 425 oste
380 403 409 425 de
420 403 443 425 la
454 404 542 431 misine,
555 406 579 426 et
590 411 618 432 qe
635 411 667 426 un
677 404 726 426 keu
742 404 868 426 covenable
879 404 904 432 qi
920 404 953 425 eit
964 410 996 425 un
1012 410 1071 431 page
1083 403 1181 425 desoutz
1191 402 1227 425 lui
1242 403 1289 424 soit

136 438 209 461 mica.
224 439 276 460 mys
293 439 336 461 por
354 433 427 455 servir
446 440 459 455 a
470 435 510 455 tut
520 433 541 455 le
554 433 651 456 Covent.
669 434 756 462 —Item,
770 440 798 462 qe
809 434 830 455 le
841 433 946 461 dortour,
959 433 984 455 la
994 432 1139 461 eufermerie‚
1151 433 1186 455 les
1197 433 1289 455 estauez

136 467 182 486 lam
225 461 259 483 dn
266 462 336 489 Quer,
347 464 370 484 et
381 462 415 484 les
426 463 515 485 uultres
527 470 619 485 mesons
631 464 772 485 uecessaires
780 463 856 485 soient
867 463 936 485 faites
948 464 971 485 et
982 462 1117 491 reparillees
1128 469 1159 485 au
1175 462 1230 491 plus
1240 462 1290 484 tost

137 492 171 512 De
180 494 253 520 eque
269 491 302 513 les
320 492 387 514 biens
403 492 432 514 de
448 493 471 514 lu
484 493 583 517 Mesoun
600 495 715 521 pourront
731 493 913 515 suffire—Item
925 499 953 521 qe
969 492 1003 514 les
1019 495 1132 514 acountes
1144 492 1173 514 de
1183 493 1238 514 touz
1249 497 1290 514 vos

137 518 320 549 endam-baffliss,
335 524 441 550 provotz,
454 524 478 544 et
489 529 612 544 recevours
623 522 710 544 foreins
722 524 745 545 et
756 522 865 544 denzeins
877 524 961 550 soyent
973 528 1060 544 surveu
1072 522 1173 544 cheseun
1184 528 1214 544 an
1225 522 1290 543 entre

136 549 180 587 3¹¹⁹
224 550 247 572 la
258 551 334 573 Pas-ke
346 553 370 573 et
380 552 404 573 la
415 552 580 580 Pentecouste,
593 554 617 574 et
628 554 693 574 entre
709 552 732 574 la
744 552 812 574 Feste
824 552 891 574 Seint
904 551 989 574 Michel
1001 553 1024 573 et
1035 551 1056 573 le
1069 552 1130 574 Noel
1141 558 1208 580 apres
1219 550 1289 573 finale

136 573 322 613 u‘gum'acounte
343 581 431 603 rendue
443 588 471 603 en
482 582 505 603 la
515 582 622 603 Priourie
633 582 720 604 devant
732 582 755 604 ln
766 582 909 609 Priouresse,
923 588 953 603 ou
965 588 1025 603 ceux
1036 587 1064 609 qe
1076 581 1110 603 ele
1122 581 1195 603 vodra
1205 581 1290 602 mettre

137 618 171 638 pe
223 616 251 631 en
269 617 312 632 son
328 610 384 639 lieu,
398 612 422 633 ct
437 611 496 633 deus
512 618 543 633 ou
560 612 618 634 trois
630 612 718 633 Dumes
736 612 764 633 de
782 611 879 633 meisme
895 611 918 633 la
929 611 1037 640 Religion
1055 613 1079 633 et
1090 611 1173 633 Meson
1184 611 1225 633 des
1235 610 1290 639 plus

135 641 347 668 compo-nunciantes
364 648 395 662 ou
411 641 467 670 plus
483 648 549 669 seges
566 648 579 663 a
595 648 635 663 ceo
651 642 768 670 assignees
784 648 828 669 par
843 641 865 663 le
877 640 982 668 Covent3
1000 642 1023 663 et
1034 648 1063 670 qe
1079 641 1113 663 les
1129 641 1199 663 tolles
1216 640 1244 662 de
1255 639 1288 662 les

135 670 159 697 510
170 669 337 692 ban-aeountes
348 670 389 692 issi
400 671 500 693 rendues
509 671 660 699 demoergent
671 678 699 693 eu
711 678 822 693 commun
833 671 955 698 tresourie,
969 671 1039 693 issint
1046 678 1074 700 qe
1085 671 1123 692 len
1134 670 1214 699 puisse
1226 669 1291 691 avoir

135 699 252 721 ¹V0¹umde
270 707 310 722 ceo
327 700 458 722 avisement
468 702 543 729 quant
560 703 646 722 mester
662 708 732 728 serra,
745 708 789 729 por
806 700 879 722 doute
897 700 926 722 de
945 701 1007 722 mort
1026 701 1054 723 de
1071 700 1207 723 Priouresse
1222 700 1247 721 et
1262 699 1290 721 de

135 719 207 765 ἔξω,
224 732 287 751 mort
307 737 339 752 011
359 732 507 752 remuement
529 730 570 752 des
591 730 688 757 baillifs,
711 737 842 758 recevours,
866 737 897 752 ou
918 730 959 752 des
980 730 1202 759 promae-Item,
1224 735 1252 758 qe
1268 728 1292 751 la

136 759 360 789 diarmfriouresse
372 760 456 788 jes-cun
474 767 510 786 an,
524 760 611 782 devant
627 762 667 782 tut
685 760 705 782 le
718 760 809 782 Covent
827 766 858 781 ou
869 760 892 788 vj
907 760 993 782 Danies
1010 767 1024 781 a
1035 767 1075 782 ceo
1086 760 1204 788 assignees
1214 765 1258 788 par
1267 758 1289 781 le

134 788 322 817 ulorumCovent,
335 792 401 812 entre
412 790 434 811 le
446 790 506 812 Noel
518 791 541 812 et
552 790 574 811 la
586 790 671 817 Paske,
683 791 788 812 moustre
799 790 871 812 lestat
883 789 911 811 dc·
923 789 946 811 la
958 789 1041 812 Meson
1052 791 1076 812 et
1086 796 1112 812 sa
1123 789 1208 811 receite
1219 789 1243 810 et
1252 795 1289 810 ses

135 825 212 840 eorum
224 818 332 847 despmrs,
346 826 374 841 ue
385 826 398 841 1·
411 820 431 841 ie
443 826 486 848 par
497 826 581 841 Juenue
597 819 701 848 parceles
713 826 762 841 mes
773 826 816 848 par
827 826 918 848 grosse-s
929 826 1038 847 somnies,
1052 821 1076 842 et
1087 820 1120 841 les
1136 819 1213 841 dettes
1224 819 1248 840 et
1258 818 1292 840 les

224 855 302 870 nouus
313 849 353 871 de>
365 849 474 871 =letL0urs
490 850 514 871 et
532 849 574 871 des
590 856 726 871 creauncers
742 849 770 870 de
787 856 879 871 summe
890 849 914 877 qi
930 855 998 877 passe
1015 850 1058 872 xls.
1093 849 1124 871 Et
1142 850 1205 871 ‘cotes
1216 849 1289 870 cestes

227 878 309 900 :boses
320 879 397 900 soient
407 879 452 900 mis
464 886 492 900 en
504 879 574 901 escrit
585 880 608 901 et
619 879 664 900 mis
676 886 704 900 eu
715 886 826 900 commun
842 879 965 906 tresourie,
978 878 1048 901 issint
1059 885 1087 908 qe
1104 879 1142 900 len
1160 878 1241 907 puisse
1251 884 1291 899 ver

135 908 169 927 De
179 908 325 930 sta-cheseun
338 915 367 930 an
378 908 400 930 lc
411 909 466 937 quel
478 915 519 930 vos
531 908 597 930 biens
609 910 744 930 eucressont
756 915 785 930 ou
798 908 1055 937 descressont.-Item,
1069 915 1098 937 qe
1116 909 1191 930 cestes
1209 907 1290 930 choses

135 934 162 953 tu
172 933 213 953 ΒΟ·
223 939 368 966 susescrites,
389 945 417 967 qe
434 945 494 960 nous
513 945 594 960 avonis
613 938 695 960 ordine
716 940 740 960 et
757 938 842 960 estnbli
863 944 924 967 pour
944 940 1023 960 vostre
1042 938 1116 967 profit
1136 937 1247 966 esperital
1267 938 1291 959 et

135 964 186 1003 ”¹2¹⁵
223 968 348 996 tempornl,
362 975 390 989 ne
402 970 486 996 soyent
497 975 539 996 pas
551 968 595 989 mis
607 975 635 989 en
647 968 706 996 ubli,
719 968 739 989 si
753 967 873 989 ordiuoms
885 969 908 990 et
920 974 978 989 vous
989 968 1142 990 comandoms
1153 974 1181 996 qe
1192 968 1232 989 tut
1242 968 1291 989 cest

134 989 208 1028 ἓίῑῗᾶζ
223 998 301 1019 Escrit
318 998 347 1020 de
364 1001 415 1020 mot
434 1004 462 1019 en
479 999 531 1020 mot
549 1000 652 1019 chescun
669 997 760 1019 samadi
778 997 806 1019 de
819 997 907 1025 Quutre
926 998 1013 1026 Temps
1029 1005 1115 1027 parmy
1125 997 1147 1019 le
1164 1004 1202 1025 an,
1222 1003 1289 1026 apres

133 1040 208 1054 coram
222 1028 334 1050 Precz'osa
355 1034 383 1049 en
402 1027 514 1056 Chapitre
535 1027 582 1049 soit
603 1027 629 1049 111
650 1027 857 1049 entendablement
879 1027 966 1049 devant
987 1029 1027 1050 tut
1048 1027 1070 1050 le
1091 1027 1190 1055 Covent,
1209 1033 1241 1049 ou
1261 1033 1290 1048 en

133 1060 189 1079 Con·
222 1057 343 1086 refeytour
354 1064 382 1079 en
393 1057 441 1079 lieu
453 1057 537 1079 (lautre
548 1057 645 1085 leccion,
658 1058 712 1079 tant
722 1064 751 1086 qe
762 1057 783 1078 le
793 1057 884 1079 Covent
895 1059 931 1079 est
942 1064 956 1078 a
967 1056 1218 1086 manger¹.-Parquei
1228 1062 1289 1078 nous

134 1086 203 1104 ventu
222 1094 282 1109 vous
293 1087 446 1109 comandoms
457 1088 521 1114 touz,
534 1088 558 1108 et
569 1087 684 1108 chescune
696 1094 739 1115 par
750 1093 800 1115 soy,
814 1088 837 1108 et
849 1086 918 1108 celles
930 1087 1017 1109 Dames
1028 1087 1053 1116 qi
1064 1088 1120 1109 sunt
1132 1093 1171 1109 ore
1182 1088 1206 1108 et
1221 1086 1290 1108 celles

156 1110 200 1130 ¹¹0d
223 1117 247 1146 qi
270 1119 327 1139 sunt
346 1117 434 1144 avenir,
454 1124 482 1138 en
499 1118 581 1138 vertue
598 1117 627 1138 de
645 1116 771 1138 obedieuce
788 1118 812 1138 et
830 1123 871 1138 sur
888 1123 956 1145 greve
974 1123 1059 1145 peyne,
1080 1123 1109 1145 qe
1127 1118 1190 1138 totes
1215 1117 1289 1138 cestes

205 1171 211 1175 ,
223 1147 305 1169 choses
317 1147 484 1168 desusescrites
502 1146 531 1168 de
548 1147 631 1174 pointe
648 1153 676 1168 eu
696 1147 777 1175 pointe
794 1146 886 1174 gardez,
899 1146 969 1168 issint
980 1153 1008 1175 qe
1027 1146 1047 1168 si
1058 1153 1144 1168 ascune
1156 1146 1189 1168 du
1200 1146 1290 1168 covent

222 1177 305 1205 viegne
316 1178 426 1198 encontre
437 1177 484 1198 soit
496 1183 575 1205 punye
587 1183 653 1197 come
664 1176 815 1198 inobediente
826 1177 850 1198 et
862 1176 1008 1204 desordinee,
1018 1176 1092 1197 soloni
1104 1176 1128 1198 la
1138 1175 1213 1198 Reule
1224 1176 1248 1198 et
1258 1175 1291 1198 les

135 1206 384 1236 legaturObservauces
401 1206 438 1228 del
450 1206 523 1228 Ordre
535 1206 602 1228 Saint
614 1206 697 1227 Benet.
730 1206 761 1227 Et
778 1206 798 1227 si
817 1212 903 1227 ascune
920 1212 949 1227 ne
967 1213 991 1228 se
1008 1205 1097 1227 chustie
1109 1206 1155 1227 mie
1166 1206 1287 1234 pour-tant,

135 1237 205 1260 quoli-
222 1243 272 1258 mes
284 1236 365 1265 viegne
374 1237 484 1258 encontre
495 1243 538 1264 par
548 1237 665 1263 custume,
678 1236 725 1257 soit
736 1235 808 1264 punie
820 1242 863 1264 par
873 1235 968 1257 retraite
980 1235 1009 1257 de
1020 1242 1046 1257 sa
1056 1235 1148 1263 viande,
1162 1242 1192 1257 ou
1203 1235 1232 1257 (le
1248 1241 1291 1257 son

135 1263 319 1295 bet'‘⁸2¹¹J*l.³eyure,
334 1273 364 1288 ou
376 1266 405 1287 de
422 1272 464 1287 son
476 1265 534 1293 abit,
549 1272 579 1287 ou
596 1265 651 1294 plus
663 1267 735 1287 avant
753 1265 861 1287 simester
879 1265 925 1287 soit
944 1266 1031 1287 siconie
1048 1265 1071 1287 la
1082 1265 1166 1293 coulpe
1176 1265 1198 1287 Ie
1208 1264 1287 1287 vodm.

134 1287 188 1307 bam
224 1297 255 1318 Et
273 1297 293 1318 si
310 1296 333 1318 la
345 1296 479 1317 Priouresse
491 1295 573 1323 viegue
591 1302 619 1317 eu
637 1295 679 1316 nul
699 1295 767 1323 point
784 1296 894 1317 encontre
911 1302 943 1316 ou
958 1302 987 1317 ne
998 1295 1049 1317 face
1060 1301 1118 1316 ceux
1130 1294 1291 1317 ordinementz

224 1326 279 1348 bien
297 1325 388 1354 garder,
407 1332 467 1347 nous
485 1325 577 1346 voloms
599 1332 627 1353 qe
648 1331 688 1346 ceo
707 1325 754 1346 soit
776 1325 934 1346 hastivemeut
956 1324 1071 1347 deuuncie
1091 1325 1238 1353 priveement
1258 1330 1289 1346 ou

223 1356 371 1385 apertement
379 1362 392 1377 a
402 1355 522 1383 Levesque
532 1354 659 1376 Dexcestre
671 1355 694 1383 qi
704 1354 782 1376 donke
794 1361 864 1382 serra,
875 1354 916 1376 issi
928 1354 961 1383 qil
972 1354 1051 1383 puisse
1060 1354 1118 1376 faire
1129 1354 1291 1382 punissement

223 1388 247 1408 et
257 1386 315 1407 faire
332 1385 504 1412 amendement,
517 1384 537 1406 si
556 1391 621 1406 come
640 1384 657 1406 il
675 1391 743 1406 verra
753 1391 781 1412 qe
799 1391 839 1406 ceo
858 1384 905 1406 soit
921 1391 935 1406 a
950 1384 1015 1407 faire.
1050 1384 1081 1406 Et
1091 1385 1153 1406 totes
1163 1384 1197 1406 les
1208 1383 1289 1406 choses

222 1415 407 1443 desusescriptes
428 1421 509 1436 avoms
530 1414 619 1441 ordine⁷
638 1414 731 1442 establi,
750 1416 773 1436 et
799 1414 938 1442 comuunde⁷
961 1421 1034 1436 sauve
1054 1420 1068 1435 a
1088 1420 1149 1436 nous
1170 1415 1194 1436 et
1214 1420 1228 1436 a
1248 1420 1291 1436 nos

222 1446 385 1472 Successours,
398 1444 518 1472 Evesques
530 1444 665 1471 Dexcestre,
679 1444 745 1472 poier
762 1445 785 1465 et
797 1444 913 1465 auctorite
929 1444 958 1466 de
974 1445 1037 1466 totes
1048 1444 1082 1465 les
1094 1444 1197 1466 susdites
1208 1443 1288 1466 choses

222 1475 334 1502 declarer,
348 1474 456 1502 changer,
470 1480 600 1501 amenuser,
614 1480 645 1495 ou
657 1474 773 1495 encrestre
784 1473 859 1495 soloni
870 1473 891 1495 le
902 1475 982 1502 temps
993 1475 1017 1496 et
1028 1474 1049 1495 le
1060 1475 1116 1501 port
1126 1473 1209 1495 dentre
1219 1479 1285 1501 vous,

222 1506 242 1527 si
253 1511 319 1527 come
330 1511 388 1526 nous
401 1510 504 1525 verroms
516 1510 546 1525 ou
559 1510 605 1525 eux
616 1505 712 1524 verront
722 1510 751 1532 qe
763 1510 802 1525 ceo
819 1503 866 1525 soit
876 1510 890 1524 a
900 1503 958 1525 faire
969 1511 974 1527 :
991 1510 1063 1525 sauve
1074 1504 1196 1526 ensement
1206 1510 1220 1525 a
1229 1509 1289 1525 nous

222 1537 246 1557 et
264 1542 277 1557 a
294 1541 337 1556 nos
348 1534 512 1560 Suecessours,
526 1534 549 1555 et
567 1540 581 1554 a
598 1533 621 1554 la
631 1533 708 1560 Eglise
720 1533 849 1554 Dexcestre
865 1534 916 1555 tote
927 1540 1021 1555 manere
1037 1533 1067 1555 de
1084 1533 1208 1561 auctorite,
1218 1532 1288 1561 juris-

222 1564 313 1587 diccion
325 1565 349 1586 et
359 1563 450 1592 dignite
461 1570 504 1591 par
515 1562 668 1591 possessioun
684 1569 714 1584 ou
726 1562 840 1590 droiture,
853 1562 874 1584 si
889 1569 954 1585 come
971 1564 1050 1591 avant,
1064 1571 1093 1586 en
1104 1563 1167 1585 droit
1178 1564 1202 1585 et
1212 1569 1288 1591 reson,

222 1602 236 1617 a
247 1594 318 1623 quelx
329 1600 391 1615 nous
402 1600 431 1614 ne
442 1593 533 1614 voloms
545 1593 591 1614 mie
603 1594 664 1614 estre
676 1592 720 1614 fait
731 1592 852 1620 prejudice
863 1599 892 1613 ne
903 1595 1081 1616 amenusement
1092 1599 1136 1622 par
1146 1593 1196 1615 cest
1204 1592 1288 1615 Escrit.

222 1625 253 1647 Et
270 1630 329 1646 vous
347 1622 471 1645 mendonis
489 1624 617 1649 ensement,
636 1629 679 1650 par
697 1624 780 1644 vertue
798 1621 826 1643 de
844 1622 978 1650 oDedience,
992 1629 1021 1651 qe
1040 1630 1069 1645 en
1085 1622 1244 1645 tesmoiuance
1259 1621 1288 1644 de

223 1655 302 1676 vostre
314 1654 393 1675 assent
410 1659 439 1674 en
455 1653 518 1674 tetes
535 1652 569 1674 les
587 1651 669 1673 choses
680 1652 825 1679 susescrites,
838 1658 899 1673 nous
916 1652 990 1674 facetz
1007 1653 1113 1681 mander,
1126 1653 1191 1674 entre
1202 1652 1224 1674 ci
1234 1653 1258 1674 et
1268 1651 1291 1674 la

223 1684 293 1706 Feste
304 1683 384 1705 Seinte
396 1681 523 1704 Scolastice
539 1681 562 1703 la
581 1681 644 1710 virge
661 1681 774 1709 prochein
793 1681 880 1709 avenir,
894 1682 914 1703 le
930 1682 1056 1705 transecrit
1067 1683 1095 1705 de
1107 1683 1169 1704 ceste
1181 1682 1249 1704 Letre
1260 1681 1289 1703 de

222 1716 273 1736 mot
284 1720 313 1735 (³11
324 1714 374 1735 mot
388 1719 432 1741 par
443 1718 484 1733 vos
497 1711 577 1733 Letres
589 1711 700 1733 Patentes
712 1711 773 1733 seale
784 1711 813 1733 de
825 1712 903 1733 vostre
915 1718 1026 1733 commun
1037 1712 1193 1735 sear—Dona
1204 1718 1217 1733 a
1234 1728 1239 1734 .
1258 1728 1263 1734 .
1281 1727 1287 1734 .

220 1744 242 1796 lFe
255 1761 264 1795 1.
284 1744 343 1795 ,145ξ
353 1742 409 1771 jom-
425 1741 454 1763 de
465 1741 557 1764 Januer
572 1741 612 1763 lan
628 1741 657 1763 de
669 1740 757 1763 Nostro
768 1740 884 1769 Seiguour
895 1741 955 1764 Min.
970 1741 1069 1765 CCCffle.
1083 1741 1286 1770 disneofuyme.-—

241 1780 254 1796 o
267 1791 272 1797 .
344 1790 349 1795 .

130 1813 298 1874 Ρο115111101ς),
325 1811 378 1843 Sir
406 1810 508 1852 Elyas
536 1809 584 1847 de,
612 1810 686 1841 inst.
715 1812 749 1841 to
776 1809 984 1849 Duntertom
1019 1812 1078 1841 42:
1116 1809 1287 1848 deceased3

129 1856 381 1945 Ρο11011ῑοῗ1101111
405 1906 453 1944 de,
470 1906 604 1937 Proctor
626 1905 679 1937 for
703 1905 828 1937 Robert
851 1905 891 1936 de
916 1905 1066 1938 Cisterna
1079 1918 1086 1945 3
1109 1907 1167 1938 35:
1192 1904 1284 1937 Com-

128 1992 137 2008 ¹
155 1994 181 2017 It
199 1999 302 2023 appears
321 1991 386 2014 from
406 1990 457 2013 this
475 1990 524 2013 and
544 1990 587 2013 the
606 1990 684 2012 above
766 1988 880 2012 habitual
897 1997 941 2012 use
958 1989 985 2012 of
1004 1989 1048 2013 the
1067 1989 1167 2013 ancient
1187 1987 1286 2013 Church

161 2026 247 2049 advice
267 2032 293 2047 as
314 2026 340 2047 to
361 2023 435 2052 using
456 2023 538 2049 Latin,
559 2022 617 2045 that
640 2022 684 2045 *the
767 2021 877 2045 Services
891 2021 969 2050 (ibid).

160 2059 277 2088 ordinary
290 2057 411 2086 language
423 2055 449 2078 of
466 2055 536 2078 these
549 2055 622 2078 Nuus
634 2063 684 2078 wus
734 2054 744 2067 “-’
761 2054 841 2078 Blank
869 2062 954 2084 spuees
982 2062 1045 2078 were
1073 2054 1120 2078 left
1147 2053 1213 2082 here,
1236 2053 1285 2076 and

161 2090 265 2119 Freneh,
278 2092 305 2112 to
317 2088 398 2112 which
416 2088 476 2118 they
492 2087 579 2118 joined
596 2087 657 2110 such
670 2095 684 2110 a
767 2095 842 2110 never
862 2086 930 2110 filled
949 2087 982 2111 in.
1026 2087 1079 2110 The
1099 2085 1182 2118 Entry
1200 2093 1286 2110 occurs

160 2122 300 2154 superficial
311 2121 457 2151 knowledge
469 2120 496 2143 of
514 2120 588 2143 Latin
601 2120 683 2143 words
765 2120 879 2143 between
892 2121 905 2143 6
918 2120 968 2143 and
982 2121 995 2144 9
1007 2120 1024 2144 J
1026 2128 1072 2150 aur,
1086 2120 1156 2143 1319.

159 2164 186 2180 as
204 2155 287 2186 might
304 2154 335 2178 be
353 2153 429 2184 easily
445 2152 550 2184 gleaned
566 2152 633 2176 from
650 2160 682 2176 au
