1328 2295
170 141 243 166 THE
269 140 446 167 REGISTER
474 140 520 167 or
546 140 680 166 BISHOP
707 140 937 167 s'rAPELnoN.
1113 132 1156 166 19

88 221 115 242 et
127 218 202 249 quod,
217 218 264 241 hiis
282 217 392 248 legitime
410 217 551 248 compertis,
564 217 591 241 in
609 217 677 241 dicto
694 218 831 241 Elecoionis
847 218 948 249 negocio
966 219 1155 248 procederemus

87 259 117 274 ex
126 253 188 274 tunc
199 251 255 281 jure
265 253 356 274 nostro.
393 250 467 274 Unde
479 258 555 281 super
566 250 622 279 hiis,
635 251 774 273 secundum
788 251 905 274 Formam
917 251 988 274 nobis
1002 259 1044 281 per
1056 251 1153 275 dictum

87 283 227 307 Dominum
244 284 338 314 Papam
356 283 540 312 demandatam,
561 282 588 306 in
607 283 674 306 dicto
693 283 869 313 Inquisicionis
883 283 991 314 negocio,
1013 284 1106 307 vocatis
1126 284 1152 307 in

87 316 133 339 hac
148 318 219 346 parte
236 315 360 344 vocandis,
373 315 421 338 rite
436 316 606 346 procedentes,
622 315 788 345 comperimus
802 323 817 339 a
834 316 908 339 dictis
926 316 1151 346 Appellaciouibus,

87 356 155 379 pure,
177 350 273 379 sponte,
294 356 321 371 ac
339 348 408 371 nulla
425 348 549 378 pravitate
566 348 756 377 interveniente,
777 350 915 378 antequam
932 348 1075 379 supradicte
1094 349 1152 372 Sedi

86 381 195 404 fuissent
212 388 255 404 seu
273 380 363 404 fuisset
380 388 466 404 earum
483 380 561 404 altera
584 382 726 410 presentate
749 388 793 404 seu
812 383 962 411 presentata,
987 389 1030 411 per
1053 381 1150 404 dictum

86 413 236 444 Magistrum
253 413 389 436 Ricardum
407 413 438 436 de
455 413 619 443 Plympstoke
636 413 747 444 legitime
767 421 820 436 esse
843 415 869 436 et
886 413 963 436 fuisse
981 421 1104 436 recessum
1122 421 1150 436 ac

85 453 199 476 expresse
210 445 386 469 renunciatum
398 445 498 469 eisdem.
530 445 581 469 Nos
600 445 689 476 utique
702 445 887 469 considerantes
900 453 976 476 quam
988 446 1022 469 sit
1034 446 1149 469 Ecclesiis

86 478 145 509 ipsis
164 478 301 509 dampnosa
320 478 424 507 vacacio,
441 485 518 508 quam
534 478 671 508 periculosa
685 478 763 501 eciam
779 478 909 501 animabus
928 486 978 501 non
996 478 1077 501 solum
1093 479 1150 508 jura

85 512 213 535 testantur
225 512 264 534 set
275 510 394 541 magistra
402 518 486 534 rerum
498 510 583 534 efficax
595 510 749 539 experiencia
758 511 903 534 manifestat
913 519 919 539 ;
937 511 1056 540 volentes,
1065 511 1148 541 igitur,

85 543 181 574 prefate
194 543 340 566 Exoniensis
352 543 461 566 Ecclesie
473 543 605 572 vacacioni,
618 543 644 566 in
662 545 788 573 qnantum
800 551 940 574 possumus,
954 543 1027 566 celeri
1038 543 1148 566 remedio

85 576 221 606 providere,
244 576 314 599 vobis
334 576 484 599 mandamus
510 578 536 599 et
555 583 614 599 cum
637 575 774 605 cujuslibet
793 576 916 599 Ganonice
933 576 1084 599 coheroionis
1105 584 1146 606 po-

85 610 177 632 testate
195 608 376 632 committimus
402 608 467 631 vices
489 610 594 637 nostras,
608 608 727 639 quatinus
746 610 889 638 presentato
906 608 975 631 vobis
992 608 1058 631 dicte
1076 608 1147 631 Elec-

85 641 162 664 cionis
182 641 290 671 negocio,
311 648 369 664 cum
381 640 466 664 debita
489 640 621 669 celeritate,
640 640 703 671 juris
721 641 871 671 solempniis,
889 648 917 664 ac
934 640 988 664 aliis
1006 641 1148 664 necessariis

85 681 135 704 que
151 673 178 697 in
195 673 241 697 hac
256 675 326 703 parte
342 673 514 704 requiruntur,
535 673 674 697 secundum
694 675 811 696 naturam
829 676 855 697 et
877 673 1027 704 qualitatem
1045 673 1147 703 negocii,

86 708 162 736 prout
188 706 311 735 convenit,
340 706 483 735 observatis,
510 705 536 729 in
565 705 618 736 ipso
647 705 783 729 Eleccionis
811 706 913 736 negocio
942 706 1094 743 cognoscatis
1122 708 1148 729 et

84 738 181 762 racione
203 738 288 769 previa
310 738 467 769 procedatis;
491 740 524 767 et,
547 738 568 761 si
588 738 681 761 dictam
705 738 861 762 Eleccionem
884 738 1029 762 inveneritis
1052 738 1099 761 rite
1122 740 1148 761 et

86 771 210 795 Canonice
238 771 395 800 celebratam,
424 779 469 794 nec
494 771 542 801 ipsi
568 771 655 794 Electo
683 771 818 801 quicquam
847 771 931 794 obviet
959 771 990 794 de
1019 770 1149 794 Canonicis

85 803 222 832 1nstitutis,
254 803 403 827 auctoritate
431 805 516 827 nostra
544 804 652 826 eundem
681 803 797 826 Electum
827 806 852 827 et
878 803 1035 827 Eleccionem
1055 798 1094 826 de
1123 811 1148 826 se

85 836 178 860 factam
204 836 362 859 confirmetis.
413 836 486 865 Quod
511 836 532 859 si
558 844 608 859 non
634 843 720 859 omnes
748 836 910 866 personaliter
936 836 1062 866 pxemissis
1091 843 1147 859 exe-

85 869 192 899 quendis
209 868 323 899 poteritis
340 869 466 897 interesse,
483 876 534 897 vos,
551 868 638 891 Frater
653 868 781 898 Episcope,
798 876 855 892 cum
874 869 951 892 altero
968 869 1145 898 predictorum

84 901 158 932 juxta
176 901 293 924 Formam
313 901 476 931 prescriptam
494 901 520 924 in
537 901 590 931 ipso
607 901 708 931 negocio
726 901 871 931 procedatis.
908 902 941 924 Et
958 901 1019 931 quid
1040 901 1149 924 ieceiitis

83 941 127 957 vos
161 934 205 964 qui
231 941 356 964 processei
358 933 398 957 itis
432 934 457 956 in
481 933 527 956 hac
558 936 628 963 parte
651 933 762 956 reddatis
792 932 865 964 [nos]‚
895 934 1012 964 expedito
1038 934 1146 964 negocio,

84 966 201 990 cerciores
213 973 257 996 per
269 968 362 989 vestras
375 966 494 989 Patentes
515 965 610 989 Liteias
629 966 673 989 hu
675 973 718 989 um
735 974 823 989 senem
836 966 999 989 continentes.
1034 966 1065 989 In
1078 966 1148 989 testi-

84 999 205 1028 monium,
218 1006 283 1028 vero
297 999 473 1029 premissorum
486 998 596 1029 sigillum
608 1001 723 1021 nostrum
742 999 775 1021 Pi
776 998 903 1021 esentibus
916 1001 971 1021 est
967 1006 1112 1029 appensum.
1115 1011 1147 1015 -—

84 1031 180 1054 Datum
208 1031 341 1060 Pyctaviis,
365 1031 454 1061 quinto
483 1031 608 1054 Kalendas
638 1031 773 1060 Februarii,
794 1031 868 1054 Anno
891 1030 993 1054 Domini
1015 1031 1148 1054 Millesimo

83 1064 298 1127 trice7nttjntesimo
321 1067 415 1093 octavo,
445 1063 644 1087 Consecracionis
668 1065 752 1087 nostre
775 1065 865 1094 quarto
889 1063 984 1087 decimo
1012 1062 1056 1094 [28
1080 1064 1145 1092 Jan.,

87 1097 133 1121 130
152 1097 176 1120 -8
203 1104 209 1126 ;
227 1096 286 1120 ibid.

118 1153 304 1178 Memorandum
321 1154 350 1177 cle
368 1153 595 1183 Consti-macione,—

51 1186 243 1210 Memorandum
254 1187 323 1217 quod
334 1189 391 1217 post
400 1187 624 1210 Proclamacionem
634 1186 726 1210 factam
738 1186 838 1210 nomine
851 1186 964 1210 omnium
977 1186 1147 1217 predictorum

85 1219 324 1248 Commissariorum,
343 1219 444 1243 Tercius
464 1219 654 1243 Commissarius
672 1226 698 1242 se
721 1219 850 1242 excusavit
866 1219 892 1242 in
912 1219 994 1242 forma
1011 1227 1059 1249 que
1082 1219 1147 1242 infra

83 1252 219 1280 scribitur;
245 1254 271 1275 et
291 1252 341 1275 duo
359 1252 407 1281 alii,
426 1251 542 1275 videlicet
560 1251 698 1282 Episcopus
715 1251 873 1275 Sarumensis
890 1254 916 1275 et
934 1251 1050 1275 Officialis
1072 1251 1147 1275 Curie

85 1284 277 1314 Cantuariensis,
290 1284 316 1307 111
335 1285 402 1308 dicto
417 1284 517 1314 negocio
534 1284 704 1315 procedentes,
721 1284 761 1307 die
777 1284 893 1307 Mercurii
910 1284 936 1307 in
955 1284 1063 1307 crastino
1078 1284 1146 1307 Festi

84 1317 170 1341 Sancti
191 1317 303 1347 Gregorii
319 1317 360 1347 [13
383 1317 487 1346 March],
513 1316 588 1340 Anno
606 1316 709 1340 Domini
724 1316 875 1347 supradicto,
894 1317 979 1340 Litera
998 1316 1148 1340 Dominicali

84 1351 146 1373 tunc
158 1352 273 1373 currente
285 1357 329 1380 per
339 1349 366 1378 F,
379 1352 481 1380 propter
493 1349 661 1372 mutacionem
674 1349 815 1372 Literarum
828 1349 1022 1372 Dominicalium
1035 1349 1060 1372 in
1073 1349 1148 1372 Festo

83 1382 169 1406 Sancti
192 1382 287 1405 Mathie
307 1382 462 1412 precedente,
481 1389 509 1405 eo
530 1382 598 1412 quod
621 1381 738 1405 Bisextus
755 1384 809 1405 erat
831 1389 896 1405 anno
919 1381 967 1410 illo,
989 1382 1015 1405 111
1039 1382 1148 1405 Ecclesia

84 1415 251 1438 conventuali
263 1415 400 1445 Radyngie,
412 1414 482 1438 nullo
501 1416 659 1444 comparente
675 1414 863 1443 contradictore,
876 1414 1018 1444 predictum
1030 1414 1147 1437 Electum

84 1449 110 1470 et
127 1447 283 1470 Eleccionem
301 1447 331 1470 de
348 1447 402 1477 ipso
419 1447 513 1470 factam
530 1447 728 1475 confirmarunt;
749 1449 775 1470 et
800 1447 840 1470 die
858 1447 961 1470 Sabbati
978 1446 1148 1476 subsequente

83 1479 125 1510 [16
144 1479 248 1510 March],
266 1480 333 1510 apud
352 1479 612 1508 Westmonasterium,
630 1479 754 1502 Dominus
770 1479 831 1508 Rex,
849 1481 948 1509 recepta
966 1479 1099 1502 Fidelitate
1114 1479 1145 1502 ab

83 1512 171 1535 eodem
194 1512 288 1541 Electo,
307 1512 355 1542 ipsi
375 1512 441 1535 bona
459 1512 614 1542 Tempmalia
634 1511 767 1541 liberavit;
784 1514 861 1542 prout
883 1519 959 1543 super
981 1511 1029 1535 hiis
1050 1511 1147 1535 diverse

85 1544 168 1568 Litere
179 1544 283 1568 iuferius
295 1547 357 1568 sunt
367 1546 491 1568 contente.
495 1544 569 1568 -foi
583 1542 634 1568 291³.

117 1610 250 1634 Eaecusacio
264 1609 342 1634 Tei-cii
355 1609 562 1639 &mmmm-ii,—

51 1642 192 1666 Venerabili
201 1642 225 1665 in
237 1642 337 1666 Christo
349 1643 418 1666 Patri
430 1650 457 1666 ac
469 1643 578 1668 Domino
591 1650 642 1671 suo,
658 1642 762 1671 Simoni,
775 1642 822 1666 Dei
837 1642 918 1673 gracia
930 1643 1073 1666 Sarumensi
1086 1643 1144 1673 Epi-

83 1682 164 1705 scopo,
176 1677 203 1698 et
215 1675 334 1705 Magistro
346 1675 456 1699 Roberto
468 1676 499 1698 de
511 1675 567 1703 Ros,
582 1675 685 1699 Officiali
698 1675 771 1699 Curie
785 1675 977 1704 Cantuariensis,
991 1675 1145 1699 Venerabilis

83 1707 165 1730 Patris
175 1707 277 1730 Domini
286 1708 396 1736 Roberti,
407 1708 454 1731 Dei
463 1708 543 1738 gracia
556 1708 741 1731 Cantuariensis
751 1707 941 1738 Archiepiscopi,
952 1708 1042 1731 Tocius
1056 1708 1145 1738 Anglie

84 1740 208 1769 Primatis,
232 1740 259 1763 in
281 1740 382 1770 negocio
406 1740 543 1763 Eleccionis
566 1742 591 1763 et
614 1740 695 1763 Elccti
718 1740 826 1763 Ecclesie
843 1740 997 1769 Exoniensis,
1016 1741 1145 1764 Provincie

84 1772 277 1802 Cantuariensis,
291 1773 338 1796 sub
351 1775 418 1796 certa
433 1773 514 1796 forma
527 1772 714 1801 Oommissariis,
728 1772 868 1795 Willelmus
885 1773 916 1795 de
934 1772 1143 1802 Chadeleshunte,

84 1805 278 1828 Archidiaconus
290 1805 447 1836 lVyltesyrie,
460 1805 596 1828 eorundem
612 1805 711 1835 Collega
726 1805 753 1828 in
766 1804 867 1835 negocio
879 1807 1023 1834 memorato,
1036 1805 1144 1829 salutem

83 1839 110 1860 et
127 1845 227 1860 omnem
245 1837 410 1861 reverenciam
425 1840 451 1861 et
470 1837 706 1866 honorem—Quia,
719 1837 792 1861 certis
804 1845 835 1860 ex
847 1837 927 1860 causis
941 1837 1085 1867 impeditus,
1098 1838 1144 1861 hac

83 1869 188 1893 instanti
200 1870 240 1893 die
257 1870 327 1893 Lune
342 1870 454 1900 proxima
472 1872 528 1900 post
544 1870 647 1893 Festum
665 1870 815 1893 Sanctarum
830 1870 953 1900 Perpetue
970 1872 996 1893 et
1008 1870 1145 1893 Felicitatis

84 1902 124 1932 [11
148 1902 253 1931 MarchJ,
276 1902 302 1925 in
321 1902 430 1926 Ecclesia
453 1902 619 1926 Conventuali
642 1902 778 1939 Radyngie,
798 1910 856 1925 cum
874 1902 962 1925 diebus
985 1902 1066 1925 eidem
1087 1910 1143 1925 cou-

83 1934 211 1958 tinuandis
229 1938 255 1958 et
272 1935 439 1965 prorogandis,
452 1942 496 1965 pro
512 1934 659 1965 hujusmodi
676 1935 770 1965 negocii
784 1934 969 1958 examinacione
983 1934 1145 1964 personaliter

83 1967 168 1990 adesse
178 1974 227 1990 non
240 1967 317 1996 valeo,
329 1975 373 1990 vos
385 1975 444 2004 rogo
459 1967 586 1998 quatinus,
599 1967 739 1990 absenciam
755 1974 837 1990 meam
853 1969 997 1990 excusatam
1015 1967 1143 1996 habentes,

83 1999 110 2022 in
132 1999 220 2022 eodem
242 1999 343 2030 negocio
367 1999 450 2029 previa
470 1999 567 2023 racione
593 1999 739 2029 procedatis,
763 1999 890 2029 presencia
917 2007 971 2022 mea
999 1999 1144 2022 nullatenus

83 2034 217 2061 expectata.
222 2032 284 2055 —In
313 2032 386 2062 cujus
413 2032 449 2055 rei
472 2032 645 2055 testimonium
673 2032 783 2062 sigillum
806 2039 891 2055 meum
920 2031 1081 2055 Presentibus
1105 2033 1144 2054 est

83 2071 227 2094 appensum.
232 2064 359 2088 —Datum
382 2064 450 2095 apud
473 2065 595 2095 Lymyng,
620 2064 806 2088 Cantuariensis
829 2064 954 2095 Dyocesis,
978 2064 1084 2094 septimo
1105 2064 1145 2086 die

83 2096 175 2120 Mensis
188 2097 280 2126 Marcii,
293 2097 367 2120 Anno
379 2097 481 2121 Domini
493 2097 625 2121 Millesimo
637 2096 807 2120 tricentesimo
817 2096 923 2127 septimo
934 2096 1018 2126 [1307
1011 2095 1065 2125 -;8]
1083 2095 1140 2120 ibid.

137 2143 171 2173 02
