1328 2295
113 145 185 180 374
317 157 395 183 THE
413 156 597 183 REGISTER
617 156 664 183 OF
681 157 820 183 BISHOP
838 157 1068 184 εΤΑΡΕωοΝ,

203 232 340 261 Courtenay
351 241 356 259 :
376 233 481 256 Roberto
500 233 549 256 filio
566 234 670 263 Pagani3
690 235 714 256 et
724 234 917 262 aliis—Datum,
930 233 995 263 apud
1006 233 1148 260 Londonias,
1161 231 1219 260 xxiij
1232 230 1270 253 die

202 262 306 291 Augusti
318 263 480 293 [1311].—Per
487 263 567 292 ipsum
579 263 763 292 Regem.—Rol,
778 264 842 286 Cari.
856 263 870 285 5
881 263 949 286 Edw.
962 263 1009 292 IL,
1023 263 1068 286 No.
1082 262 1118 285 44.

174 290 321 344 'l'lileseEwere
332 293 373 315 the
385 293 565 345 onjffiq'lhzgters
579 293 678 322 granted
691 294 718 315 to
729 294 820 322 Bishop
831 293 969 322 Stapeldon,
982 293 1016 322 by
1026 292 1068 315 the
1079 292 1170 320 Crown,
1184 289 1270 319 during

219 328 238 343 is
269 324 430 351 piscopate.—
454 340 459 345 .
481 340 486 345 .
512 341 517 347 ,
534 340 539 346 .

231 351 326 375 OBITUS
345 352 446 375 Domini
468 323 567 376 Walieri
584 352 699 381 Episcopi
718 351 818 381 [Bishop
837 352 983 375 Grandisson
1000 352 1043 375 bas
1061 351 1157 374 written
1177 356 1208 373 011
1227 349 1270 372 the

262 381 473 410 margin,—Aliter
490 383 633 405 reformatur
651 389 693 411 per
711 383 726 404 J
730 381 867 412 [ohannem]
886 381 1098 411 Episcopum-De
1114 380 1219 403 Ecclesia
1239 379 1268 402 de

260 411 398 434 Essewater.
431 412 483 434 Ista
494 412 620 434 Ordinacio
631 413 711 434 minus
722 413 758 434 est
769 411 957 441 Canonica''],—

172 447 310 477 Edwardus,
325 449 367 471 Dei
385 450 463 478 tenacia
484 450 542 479 Rex,
562 451 616 478 etc.,
637 450 747 473 omnibus
766 451 796 473 ad
817 457 885 479 quos,
898 452 952 479 etc„
973 448 1268 477 salutem.—Iuspeximus

200 478 292 500 Litcras
310 479 421 501 Patentcs
433 480 540 508 Walteri,
554 480 695 502 Exouiensis
714 480 834 509 Episcopi,
847 480 870 502 111
888 480 931 502 hec
947 480 1019 502 verba
1031 478 1197 506 :—Universis,
1211 478 1266 503 etc..

200 507 327 536 Walterus,
352 510 406 536 eto,
426 509 537 538 salutem,
557 509 775 532 etc—Terribilem
793 510 862 532 Diem
879 510 948 532 illum
966 516 1013 538 quo
1031 508 1148 531 tremendi
1162 507 1265 535 Judicis,

199 538 317 566 recepturi
335 540 407 567 prout
418 538 442 560 in
459 546 556 567 corpore
567 539 690 568 gessimus,
703 539 835 561 astabimus
847 539 979 567 Tribuzrali,
992 538 1078 561 talium
1089 537 1267 567 plantacimum

199 567 311 595 operibus
336 568 433 596 expedit
458 569 587 597 prevenire,
614 575 716 597 quarum
742 568 869 591 fructubus
895 569 977 591 Eidem
1004 568 1090 590 cotidie
1116 566 1265 596 presentatis,

199 597 332 625 exasperati
351 597 485 619 mulceatur
502 599 594 620 animus
616 598 803 627 placabiliorque
821 598 942 621 reddatur.
975 598 1015 620 Ad
1030 597 1080 625 hec,
1093 597 1174 625 igitur,
1186 597 1267 618 nostre

199 626 397 649 consideracionis
416 627 491 649 aciem
510 628 645 656 dirigentes,
658 629 682 650 et
698 628 834 650 nullatenus
853 628 987 656 ignorantes
998 627 1071 656 quod,
1084 627 1145 648 inter
1161 626 1268 648 humana

200 655 304 683 presidia
325 663 371 685 que
398 658 453 685 post
480 657 587 679 solutum
612 657 721 685 universe
742 657 818 680 carnis
839 657 949 679 debitum
969 656 1071 679 mortuis
1092 655 1266 683 ministrantur,

199 685 341 714 precipuum
363 686 442 708 locum
469 687 579 715 optinent
600 686 698 709 Oblacio
715 686 835 709 Dominici
856 686 967 716 Corporis
992 687 1017 708 in
1039 685 1117 708 Altari
1138 687 1162 707 et
1183 684 1267 707 Oracio

198 714 477 744 sacerdotum-habito
497 723 551 738 cum
568 716 661 738 dilectis
682 716 745 744 filiis,
769 716 864 738 Decano
885 718 909 738 et
930 715 1043 745 Capitulo
1064 714 1167 737 Ecclesie
1187 714 1267 736 nostre

198 744 347 772 Exoniensis,
361 746 481 767 communi
497 747 604 768 tractatu
622 745 730 774 diligenti
742 746 784 774 qui
800 746 930 774 requiritur
948 747 972 768 et
982 745 1106 773 solempni,
1119 744 1148 766 de
1159 744 1266 772 ipsorum

198 774 306 796 unanimi
325 775 423 797 consilio
442 775 532 803 pariter
550 777 573 797 et
592 782 697 802 assensu,
710 775 847 798 ordinamus
865 776 889 798 et
899 775 1028 797 statuimus
1040 781 1112 796 unam
1124 774 1267 802 Perpetuam

199 803 335 826 Oantariam
349 804 421 826 unius
433 804 574 832 Sacerdotis,
588 805 629 833 qui
647 805 671 826 111
682 805 779 833 Capella
793 812 839 833 que
855 805 878 827 in
894 805 963 833 atrio,
977 804 1026 827 sive
1040 803 1156 826 cimiterio
1168 802 1267 831 Majoris

198 832 301 855 Ecclesie
312 835 392 856 nostre
400 834 489 856 Exonie
501 835 597 862 situata,
609 834 725 856 Charnere
736 834 866 863 vulgariter
875 835 1036 863 nuncupatur,
1046 840 1089 862 pro
1100 832 1191 855 salubri
1201 832 1267 854 statu

197 864 279 885 nostro
296 863 355 885 dum
365 863 503 892 vixerimus,
517 864 614 886 Missam
632 864 661 885 de
673 864 758 886 Sancto
770 863 863 892 Spiritu
873 864 911 886 vel
928 864 957 886 de
974 863 1020 891 die,
1033 865 1057 885 et
1071 863 1126 892 post
1143 862 1267 884 decessum

196 893 306 914 nostrum
316 899 359 921 pro
370 894 458 921 nostra,
471 894 654 922 nostrorumque
667 893 860 915 Predecessorum
871 894 895 915 et
906 893 1079 920 Sucoessorrrm,
1093 891 1266 921 Episcoporum

198 921 297 949 Exonie,
320 922 474 951 omniumque
491 923 674 945 Benefactorum
692 924 828 945 nostrorum
849 924 873 945 et
894 923 997 945 Ecclesie
1026 923 1104 944 nostre
1126 920 1265 943 Exoniensis

197 951 341 980 supradicte,
365 958 456 974 necnon
482 952 649 974 defunctorum
675 952 783 974 omnium
804 952 924 974 Ficlelium
945 951 1078 979 animabus,
1101 951 1200 973 Missam
1220 956 1264 979 pro

197 980 366 1003 defunctorum
384 982 464 1010 requie
482 982 512 1003 ab
524 982 628 1004 Ecclesia
639 981 767 1004 salubriter
784 982 922 1004 institutam
933 983 957 1004 et
967 981 1124 1004 communiter
1134 980 1264 1008 usitatam;

196 1010 280 1032 statim
299 1011 355 1039 post
375 1011 456 1033 finitas
477 1011 537 1033 duas
559 1011 644 1033 Missas
666 1018 711 1040 que
732 1011 797 1040 apud
823 1011 906 1034 Altare
927 1011 992 1040 quod
1012 1010 1141 1039 vulgariter
1165 1010 1264 1031 vocatur

196 1039 324 1062 Brattones
335 1040 432 1069 Weved,
446 1041 470 1062 111
482 1041 567 1069 Majori
577 1041 681 1063 Ecclesia
690 1041 817 1063 Exoniensi
829 1041 905 1063 solent
916 1040 1073 1063 communiter
1084 1039 1203 1067 celebrari,
1216 1038 1262 1066 vel,

195 1069 288 1097 saltem,
301 1069 343 1091 illa
361 1070 419 1092 hora
430 1077 477 1098 qua
493 1070 556 1092 finiri
575 1072 748 1092 consueverunt
765 1070 912 1099 temporibus
923 1070 1129 1098 1·etroactis,-per
1139 1075 1171 1097 se,
1184 1068 1229 1096 vel,
1243 1068 1263 1090 si

196 1098 314 1121 Canonice
340 1099 414 1122 fuerit
440 1100 579 1128 impeditus,
602 1107 644 1128 per
671 1100 752 1127 ulium,
776 1100 899 1128 celebrare,
922 1101 947 1122 et
972 1099 1141 1122 nichilominus
1165 1097 1264 1127 plenum

196 1130 346 1151 mortuorum
365 1129 514 1158 obsequium,
537 1129 648 1152 videlicet
666 1129 772 1157 Placebo,
793 1130 885 1158 Diriye,
904 1131 928 1152 et
945 1128 1184 1156 C'ommcnd‘tcionem‚
1200 1127 1264 1149 horis

195 1158 387 1187 competentibus
400 1159 484 1186 dicere,
497 1159 581 1181 diebus
595 1159 703 1187 singulis,
718 1160 835 1181 teneatur.
868 1159 907 1181 Ad
919 1166 964 1188 que
976 1158 1055 1181 omnia
1066 1159 1090 1180 et
1100 1157 1193 1186 singula
1203 1156 1263 1179 bene

194 1189 219 1210 et
239 1188 342 1210 fideliter
362 1189 508 1217 exequenda,
530 1189 681 1211 Sacerdotem
707 1189 820 1217 primitus
837 1188 1009 1217 deputandum,
1032 1189 1056 1210 et
1077 1187 1208 1216 quemlibet
1228 1186 1262 1208 in-

194 1218 317 1246 posterum
325 1217 503 1246 subrogandum
511 1218 594 1246 eidem,
603 1218 767 1247 deputacionis
775 1220 799 1240 et
806 1218 983 1247 subrogacionis
989 1219 1095 1246 tempore
1099 1217 1263 1246 juramentum

194 1248 301 1275 prestare
329 1248 459 1270 statuimus
487 1249 511 1270 et
537 1248 682 1277 precipimus
713 1248 841 1276 corporale.
885 1248 1009 1275 Idoneum,
1036 1253 1099 1275 vero,
1122 1245 1263 1275 hujusmodi

195 1276 346 1299 Sacerdotem
362 1284 405 1306 per
421 1284 472 1304 nos,
485 1277 543 1299 dum
559 1277 697 1305 vixerimus,
710 1277 821 1306 deputari
837 1277 954 1299 volumus.
988 1277 1082 1304 Statim,
1096 1277 1184 1304 autem,
1197 1275 1262 1304 post-

195 1313 268 1334 quam
280 1306 310 1328 ab
316 1306 361 1328 hac
372 1307 425 1329 luce
434 1307 551 1329 subtracti
557 1307 681 1335 fuerimus,
692 1306 722 1329 ad
731 1307 867 1329 Cantariam
878 1306 1024 1335 hujusmodi,
1035 1306 1055 1328 si
1065 1308 1124 1328 tunc
1134 1304 1260 1333 vacaverit,

195 1336 333 1364 deputandi,
348 1337 371 1358 et
383 1338 471 1358 extunc
481 1337 594 1365 quociens
611 1337 688 1365 ipsam
703 1336 839 1359 Cantariam
854 1343 936 1358 vacare
951 1335 1084 1365 contigerit,
1097 1335 1171 1357 alium
1182 1334 1263 1356 subro-

195 1365 275 1394 gandi,
288 1365 382 1388 Decano
400 1366 425 1388 in
436 1366 540 1388 Ecclesia
557 1367 639 1388 nostra
650 1366 778 1388 Exoniensi
794 1366 908 1394 predicta,
921 1367 945 1388 et
962 1365 1013 1394 ejus
1030 1364 1205 1387 successoribus
1221 1363 1263 1393 qui

194 1401 238 1423 pro
254 1396 361 1424 tempore
377 1395 475 1423 fuerint,
488 1397 518 1423 et,
532 1396 630 1418 vacante
641 1396 772 1423 Decanatu,
786 1395 898 1424 Capitulo
910 1395 1012 1417 Eeclesie
1023 1396 1103 1417 nostre
1114 1393 1261 1421 Exoniensis,

194 1425 317 1453 perpetuis
334 1425 492 1453 temporibus,
506 1432 548 1453 per
561 1425 622 1447 hanc
638 1426 745 1447 nostram
756 1425 943 1453 ordinacionem,
957 1431 1011 1447 cum
1022 1424 1121 1447 consilio
1132 1425 1156 1446 et
1167 1429 1264 1445 assensu

194 1454 314 1476 dictorum
331 1454 420 1476 Decani
437 1455 461 1476 et
479 1454 585 1483 Capituli
604 1455 699 1482 factam,
713 1454 864 1476 concedimus
879 1455 1040 1483 potestaten1;
1057 1460 1117 1483 quos
1132 1453 1177 1475 sub
1191 1453 1261 1475 inter·

192 1484 325 1505 minacione
336 1484 417 1505 Divini
428 1484 521 1506 Judicii
533 1484 681 1506 obtestamur
698 1485 726 1506 ut
743 1484 863 1512 ydoneum
880 1485 904 1506 et
921 1484 1049 1506 honestum
1066 1483 1216 1506 Sacerdotem
1230 1481 1261 1504 ad

194 1513 311 1542 prefatam
331 1513 467 1536 Cantariam
485 1513 600 1542 deputare
618 1520 645 1536 ac
663 1513 737 1536 eciam
755 1513 882 1542 subrogare
903 1513 1024 1541 studeant,
1042 1519 1097 1535 cum
1114 1512 1207 1540 effectu,
1221 1511 1263 1541 qui

194 1543 348 1565 commissum
368 1543 414 1565 sibi
436 1543 539 1565 officium
561 1543 619 1565 velit
645 1544 669 1565 et
694 1543 772 1565 valeat
798 1544 912 1571 sagaciter
938 1543 1075 1572 adimplere.
1109 1541 1259 1569 Ordinamus,

192 1572 297 1601 insuper,
311 1574 334 1595 et
346 1572 484 1601 statuimus,
497 1573 526 1595 ad
544 1572 570 1594 id
587 1572 697 1595 similiter
713 1572 880 1595 accedentibus
897 1573 1004 1601 ipsorum
1015 1571 1105 1594 Decani
1120 1573 1144 1594 et
1156 1570 1262 1599 Capituli

193 1602 301 1624 unanimi
318 1602 417 1624 consilio
434 1604 459 1625 et
476 1609 581 1629 assensu,
595 1602 666 1631 quod,
680 1609 733 1624 011111
751 1602 826 1624 nostri
844 1602 948 1631 corporis
959 1601 1142 1624 dissolucionem
1153 1599 1261 1623 attulerit

193 1638 244 1653 sors
261 1631 373 1659 humana,
397 1631 447 1654 dies
466 1631 552 1654 Obitus
571 1632 647 1654 nostri
666 1632 838 1654 anniversarius
859 1632 884 1653 in
903 1631 1008 1654 Ecclesia
1024 1632 1105 1653 nostra
1123 1629 1258 1658 Exoniensi,

192 1661 293 1690 singulis
304 1662 379 1689 annis,
388 1663 505 1690 perpetuo
516 1661 671 1690 solempniter
682 1661 820 1684 celebretur.
845 1661 884 1683 Ad
895 1660 1040 1690 hujusmodi,
1051 1667 1114 1688 vero,
1125 1659 1259 1683 Sacerdotis

193 1691 394 1713 sustentacionem
415 1698 519 1713 annuam
540 1691 646 1720 quinque
667 1697 757 1713 marcas
778 1692 802 1713 et
828 1690 952 1713 dimidiam
978 1690 1152 1719 sterlingorum,
1180 1690 1204 1712 et
1229 1688 1260 1711 ad

192 1722 352 1743 memoratum
368 1720 431 1742 diem
450 1720 537 1743 Obitus
555 1721 631 1742 nostri
648 1721 835 1742 anniversarium
856 1720 1030 1748 celebrandum,
1049 1721 1128 1748 preter
1148 1718 1195 1741 alia
1212 1725 1258 1747 que

194 1749 288 1772 dudum
305 1750 335 1772 ad
353 1750 540 1772 anniversarium
558 1750 699 1779 hujusmodi
714 1750 892 1778 assignavimus,
911 1749 1033 1778 sexaginta
1048 1749 1137 1772 solidos
1153 1747 1258 1777 ejusdem

192 1780 286 1802 monete
296 1779 325 1802 de
334 1779 403 1802 bonis
410 1779 581 1808 Spiritualibus
588 1779 619 1801 ad
626 1786 731 1801 mensam
738 1779 903 1808 Episeopalem
911 1779 1066 1801 Exonieusem
1075 1777 1257 1807 pertinentibus,

193 1808 338 1837 Sinodatico,
349 1809 467 1837 videlicet,
477 1810 501 1831 et
508 1809 675 1831 Cathedratico
689 1809 719 1831 ab
727 1809 928 1831 Archidiaconatu
937 1809 1049 1831 Tottonie
1055 1807 1257 1837 provenientibus,

194 1845 249 1860 cum
268 1839 366 1861 consilio
382 1840 406 1861 et
422 1845 519 1861 assensu
537 1838 655 1861 dictorum
672 1838 762 1861 Decaui
783 1840 806 1860 et
826 1838 940 1867 Capituli,
959 1840 983 1860 et
999 1837 1133 1867 specialiter
1151 1836 1260 1865 Magistri

192 1867 279 1896 Rogeri
295 1868 324 1890 de
344 1868 491 1897 Charletone,
512 1875 576 1890 nunc
594 1868 753 1890 Arehidacoui
770 1868 889 1896 Tottonie,
909 1868 982 1890 titulo
1000 1867 1186 1896 permutacionis
1204 1872 1258 1888 cum

191 1898 335 1926 quibusdam
352 1898 422 1920 terris
441 1899 465 1920 et
482 1897 623 1920 redditubus
636 1898 665 1919 de
684 1897 772 1926 quibus
785 1897 883 1920 inferius
899 1897 927 1920 fit
943 1897 1042 1925 mencio,
1060 1903 1102 1925 per
1117 1895 1256 1925 hujusmodi

191 1927 371 1949 Ordinacionem
392 1928 498 1949 nostram
518 1927 702 1956 irrefragabilem
724 1927 887 1955 assignamus;
915 1933 994 1956 quam,
1017 1926 1122 1955 quidem,
1146 1924 1257 1954 peecunie

191 1963 309 1979 summam
320 1964 334 1979 a
344 1956 413 1979 bonis
425 1956 546 1986 Episcopii
562 1957 638 1979 nostri
649 1957 797 1984 Exoniensis,
810 1963 864 1979 cum
880 1956 997 1979 dictorum
1011 1956 1100 1978 Decani
1117 1956 1141 1977 et
1152 1953 1258 1983 Capituli

190 1993 296 2014 assensu,
306 1986 414 2009 totaliter
424 1993 569 2015 separamus,
579 1988 603 2008 et
610 1986 640 2008 ad
649 1993 720 2008 usum
727 1986 862 2015 predictum
869 1986 943 2008 titulo
951 1987 1080 2008 memorato
1089 1985 1258 2017 inperpetuum

192 2016 342 2038 concedimus
354 2017 377 2038 et
393 2016 467 2038 eciam
483 2016 636 2044 assignamus.
670 2016 717 2044 Ita,
730 2015 848 2044 videlicet,
861 2016 926 2044 quod
937 2015 1125 2038 Archidiaconus
1136 2014 1254 2041 Tottome,

190 2047 215 2068 et
236 2045 274 2067 sui
295 2052 441 2068 successores
462 2046 504 2074 qui
524 2052 568 2074 pro
589 2047 695 2074 tempore
721 2045 818 2073 fuerint,
841 2045 945 2074 prefatas
971 2045 1052 2067 decem
1077 2050 1175 2071 marcas,
1198 2049 1256 2072 quas

190 2075 358 2097 Archidiaconi
374 2075 493 2103 Tottonie,
506 2075 655 2104 temporibus
666 2075 797 2103 retroactis,
810 2075 927 2104 Episcopo
940 2074 1066 2097 Exoniensi
1078 2073 1106 2096 de
1117 2072 1256 2106 hujusmodi

191 2104 328 2127 Sinodatico
348 2105 372 2127 et
384 2104 550 2127 Cathedratico
562 2104 652 2127 solvero
671 2104 842 2132 consueverint,
855 2104 950 2127 Decano
969 2105 993 2126 et
1005 2103 1116 2133 Capitulo
1127 2102 1216 2125 Exonie
1231 2108 1256 2124 m

191 2134 307 2158 Tei-minis
326 2135 396 2158 antea
413 2134 540 2163 consuetis,
559 2134 626 2158 annis
643 2134 750 2164 singulis,
768 2133 866 2163 solvere,
879 2135 903 2158 et
920 2133 979 2163 ipsis
996 2133 1025 2157 de
1040 2134 1118 2157 cetero
1133 2131 1257 2157 teneantur
