1328 2295
356 136 525 163 GENERAL
556 135 895 162 INDEX—BOSHAM.
1154 126 1174 161 7
1180 125 1201 162 7

146 211 289 241 exercendo,
307 211 423 235 videlicet
443 211 595 242 Episcopum
615 210 791 240 Exoniensem,
809 210 924 241 ejusdem
942 209 1042 241 capelle
1066 210 1202 240 Decanum,

145 244 384 268 excommunicando
395 252 439 267 seu
454 243 697 267 excommunicatum
711 243 892 272 denunciando,
905 243 932 266 in
944 243 1023 266 nostri
1034 242 1202 273 prejudicium

146 278 172 299 et
194 276 317 300 libertatis
341 277 440 307 Capelle
462 278 547 299 nostre
569 276 680 307 predicte
702 275 828 304 lesionem,
849 277 876 299 et
895 277 981 298 contra
1004 275 1203 299 Prohibicionem

146 311 257 332 nostram
271 309 414 339 predictam,
427 317 471 332 seu
483 311 566 339 preter
577 316 605 332 ea
616 308 705 338 quovis
716 308 765 332 alio
775 308 850 332 modo
863 310 919 331 acta
930 307 1026 331 fuerint
1037 315 1080 331 seu
1093 310 1202 338 attemp-

147 344 207 369 tata,
220 342 272 365 sine
285 342 404 365 dilacione
417 341 536 365 revocetis
548 349 591 365 seu
604 341 700 364 faciatis
712 341 738 364 in
750 341 852 364 irritum
861 340 1085 364 revocari—Teste
1095 340 1203 363 Henrico

146 374 177 397 de
195 375 324 403 Stantone,
341 375 408 405 apud
424 375 528 405 Wygan,
545 374 578 405 vij
596 374 635 397 die
650 373 807 403 Novembris,
823 373 898 397 Anno
917 373 997 404 Regni
1012 373 1092 397 nostri
1107 373 1204 396 decimo

146 407 251 437 septimo
272 406 365 437 [13232.

180 459 312 490 Oapcz'm—

114 492 168 516 Rex
185 493 331 516 Vicecomiti
348 493 464 517 Sussexie
480 492 785 523 salutem—Precipimus
802 492 850 516 tibi
867 492 936 523 quod
952 492 1034 524 capias
1050 492 1201 522 Johannem,

146 525 296 556 Episcopum
315 525 502 555 Cicestrensem,
520 525 542 549 si
558 525 677 549 inventus
694 525 772 548 fuerit
789 525 816 549 in
834 525 930 549 Balliva
946 527 998 554 tua,
1016 527 1043 549 et
1060 533 1118 549 eum
1136 525 1204 549 salvo

146 558 278 587 custodias,
302 558 338 582 ita
360 559 427 588 quod
447 558 537 581 habeas
557 565 647 588 corpus
669 557 724 588 ejus
747 565 829 581 coram
850 557 921 581 nobis
944 558 970 581 in
993 558 1094 582 Octabis
1117 557 1204 582 Sancti

147 590 246 614 Hillarii
258 591 409 621 ubicumque
421 593 483 614 tunc
495 590 616 614 fuerimus
628 590 654 614 in
670 590 767 620 Anglia,
780 590 811 613 ad
827 590 1031 614 satisfaciendum
1046 591 1117 614 nobis
1131 591 1163 614 de
1174 598 1203 614 eo

146 623 213 652 quod
227 623 294 647 idem
313 623 450 654 Episcopus
467 623 492 647 in
509 623 619 647 Ecclesia
635 623 667 646 de
687 622 816 652 Boseham,
829 631 878 654 que
895 623 1012 654 precipue
1029 625 1155 654 quantum
1172 623 1204 646 ad

147 655 265 686 Chomm,
278 656 427 685 prebendas,
438 658 482 679 etc.
497 656 535 683 (ut
546 656 639 686 supra).
675 655 709 679 Et
721 655 811 679 habeas
823 656 857 679 ibi
869 656 915 679 hoc
928 656 1014 679 Breve.
1048 656 1123 680 Teste
1135 656 1160 680 J.
1172 656 1204 679 de

147 688 259 719 Stonore,
272 689 339 720 apud
353 689 456 720 Wygan,
467 688 490 719 vj
504 688 544 712 die
556 688 712 716 Novembris,
726 688 807 717 Anno,
820 690 865 712 etc.

178 741 403 772 Summa—Item,
417 742 542 766 Processu-3
559 741 655 765 habitus
671 741 698 765 in
711 741 789 766 eadem
810 741 887 766 Curia
904 744 987 766 contra
1002 741 1129 773 Officialem
1144 741 1204 767 dicti

213 774 333 805 Episcopi,
346 782 416 805 super
428 775 511 798 eodem.

115 807 239 831 Robertus
251 807 282 831 de
294 807 378 838 Derby
387 807 413 831 in
426 807 599 836 misericordia,
612 815 656 837 pro
669 806 782 838 pluribus
794 806 900 831 defaltis.

116 839 187 863 Idem
205 840 329 863 Robertus
346 840 498 864 attaehiatns
515 839 565 863 fuit
582 840 614 863 ad
634 840 836 870 respondendum
856 839 965 864 Domino
983 840 1044 871 Regi
1061 840 1092 864 de
1109 840 1204 864 Placito

147 879 230 902 quare,
243 880 300 896 cum
314 873 421 896 Ecclesia
433 873 464 896 de
477 872 598 896 Boseham
616 872 650 895 sit
662 872 750 895 Libera
763 871 871 903 Capella,
884 875 929 897 etc.
948 873 986 902 (uc
1000 873 1088 904 supra)
1103 875 1130 897 et
1141 874 1203 902 Rex,

147 913 192 935 pro
204 913 232 928 eo
244 905 311 935 quod
324 905 436 936 prefatus
448 905 573 928 Robertus
585 905 610 928 in
620 905 719 935 Capella
732 905 805 936 Regis
818 905 936 936 predicta,
946 905 1062 936 precipue
1074 905 1100 929 in
1113 905 1203 935 Choro,

147 940 193 961 etc.
208 938 245 966 (ut
256 937 342 968 supra)
356 938 563 961 Jurisdiccionem
576 937 732 961 ordinariam
745 945 856 961 exercere
872 938 990 967 intendit,
1003 938 1069 962 sicut
1080 946 1111 962 ex
1122 938 1204 962 relatu

148 970 257 1000 plurium
279 971 372 1001 accepit
392 971 453 997 Rex,
471 970 552 993 eidem
571 970 680 993 Roberto
698 970 811 993 districte
827 970 956 1001 prohibuit
972 971 1026 994 Rex
1044 979 1075 994 ne
1095 971 1204 1001 aliquam

148 1003 353 1026 Jurisdiccionem
371 1003 527 1027 Ordinariam
544 1003 569 1026 in
588 1003 674 1026 eadem
689 1002 789 1033 Capella
805 1005 850 1026 etc.
870 1004 907 1033 (ut
922 1004 1008 1034 supra)
1025 1011 1137 1027 exercere
1149 1011 1203 1034 pre-

147 1038 275 1064 sumeret;
294 1038 319 1059 et
336 1036 356 1059 si
374 1036 435 1065 quid
452 1043 496 1066 per
512 1035 595 1066 ipsum
612 1037 658 1058 aut
675 1035 802 1058 Ministros
820 1043 878 1059 suos
895 1036 1006 1059 indebite
1021 1038 1204 1067 attemptatum

149 1070 213 1091 esset
233 1068 259 1092 in
277 1068 323 1092 hac
343 1071 420 1099 parte,
441 1068 466 1091 id
484 1068 536 1091 sine
553 1068 673 1091 dilacione
690 1068 782 1091 faceret
799 1069 907 1091 revocari
925 1068 1051 1099 predictus
1069 1069 1201 1097 Robertus,

148 1100 224 1124 simul
240 1109 296 1124 cum
314 1101 437 1127 Johanue.
458 1101 579 1131 Episcopo
606 1101 762 1130 Cicestrensi,
780 1101 986 1124 Jurisdiccionem
1006 1101 1163 1125 Ordinariam
1178 1101 1204 1125 in

150 1133 250 1164 Capella
266 1133 338 1164 Regis
357 1134 473 1164 predicta,
486 1134 602 1164 precipue
618 1133 643 1156 in
661 1133 750 1161 Chore,
763 1136 810 1157 etc.
827 1133 864 1162 (ut
879 1135 965 1164 supra)
983 1134 1101 1163 exercuit,
1114 1135 1141 1157 et
1157 1134 1205 1157 alia

150 1166 211 1197 Regi
222 1166 393 1197 prejudicialia
413 1166 438 1189 in
459 1166 503 1189 hac
516 1168 585 1196 parte
603 1174 631 1189 eo
649 1166 756 1196 amplius
771 1166 940 1196 attemptavit,
957 1168 982 1190 et
997 1166 1079 1190 adhuc
1096 1168 1204 1197 attemp-

150 1201 203 1222 tare
220 1207 270 1222 non
293 1199 399 1227 desistit,
417 1207 445 1222 ea
462 1206 511 1228 que
531 1206 574 1229 per
594 1198 676 1229 ipsum
695 1201 720 1222 et
734 1198 861 1222 ministros
879 1206 937 1221 suns
956 1199 983 1222 in
999 1199 1126 1230 premissis
1146 1201 1207 1222 sunt

150 1231 261 1255 indebite
279 1233 431 1262 attemptata
453 1239 566 1254 revocare
586 1231 686 1262 penitus
702 1231 845 1261 differendO,
864 1231 891 1255 in
911 1231 986 1262 Regis
1005 1233 1032 1255 et
1051 1231 1114 1262 juris
1135 1231 1206 1262 Regii

150 1264 325 1295 prejudicium,
348 1264 472 1287 libertatis
497 1263 596 1294 Capelle
620 1263 693 1294 Regis
716 1263 826 1294 predicte
849 1263 968 1287 lesionem
990 1264 1157 1294 manifestam,
1178 1266 1205 1288 et

149 1299 235 1320 contra
247 1297 454 1320 Prohibucionem
467 1296 576 1327 Regiam.
612 1296 646 1319 Et
658 1296 724 1319 unde
742 1296 809 1319 idem
825 1296 949 1320 Dominus
959 1297 1012 1320 Rex
1024 1305 1067 1327 per
1079 1297 1161 1320 Adam
1173 1297 1205 1320 de

150 1330 285 1360 Fyncham.
303 1329 347 1359 qui
364 1329 478 1359 sequitur
496 1337 539 1360 pro
557 1337 592 1358 eo,
608 1329 670 1352 dicit
688 1329 762 1358 quod,
780 1337 839 1352 cum
858 1329 967 1352 Ecclesia
983 1330 1014 1353 de
1033 1329 1155 1353 Boseham
1172 1329 1206 1353 sit

150 1362 238 1386 Libera
256 1362 355 1392 Capella
373 1362 453 1392 Regis,
472 1362 503 1385 ab
521 1361 589 1384 omni
606 1361 786 1385 Jurisdiccione
807 1361 944 1389 Ordinaria,
964 1362 1079 1392 precipue
1096 1364 1142 1386 etc.
1168 1363 1205 1391 (ut

149 1395 243 1425 supra),
259 1395 334 1425 Regia
350 1394 488 1418 Prohibicio
504 1394 584 1417 eidem
601 1394 709 1417 Roberto
725 1394 800 1417 missa
815 1394 866 1418 fuit
881 1397 907 1418 et
922 1393 1035 1424 liberata,
1048 1395 1141 1418 scilicet
1158 1394 1206 1418 Die

150 1427 286 1456 Dominica,
304 1428 329 1450 in
346 1428 419 1450 Festo
437 1427 522 1450 Sancti
540 1426 668 1457 Stephani,
681 1427 755 1450 Anno
770 1426 849 1457 Regni
866 1427 939 1458 Regis
955 1435 1022 1451 nunc
1037 1427 1206 1451 sextodecimo

150 1459 192 1491 [26
206 1461 274 1488 Deci,
287 1460 365 1489 1322}
378 1460 445 1490 apud
459 1459 582 1490 Ferringe,
593 1459 618 1482 in
632 1459 757 1490 presencia
768 1459 864 1483 Thome
876 1459 907 1483 de
919 1460 1069 1489 Watergate,
1081 1460 1204 1484 ..Iohannis

148 1493 179 1516 de
200 1493 330 1523 Hailynge,
348 1492 470 1516 Johannis
488 1492 510 1515 Ie
528 1492 620 1515 Parker
640 1492 670 1515 de
689 1492 845 1519 Chudeham,
862 1494 888 1515 et
905 1492 1017 1522 aliorum,
1035 1500 1067 1516 ne
1083 1492 1204 1516 Jurisdic-

149 1526 245 1549 cionem
258 1525 414 1549 Ordinariam
427 1527 550 1548 exerceret
562 1524 587 1548 in
600 1525 693 1553 eadem,
706 1524 773 1548 idem
791 1524 924 1555 Robertus,
936 1532 986 1549 non
1002 1525 1118 1549 obstante
1130 1525 1206 1556 Regia

150 1558 321 1582 Prohibicioue
338 1558 456 1588 predicta,
474 1558 490 1581 J
494 1557 681 1580 urisdiecionem
701 1557 857 1580 Ordinariam
876 1557 903 1581 in
924 1557 1024 1589 Capella
1041 1558 1115 1588 Regis
1135 1565 1203 1581 exer-

148 1591 209 1619 cuit,
223 1593 253 1614 ut
264 1591 389 1614 visitando
401 1590 520 1618 Chorum,
534 1589 670 1613 Canonicos
686 1591 731 1613 etc.
751 1590 788 1616 (ut
800 1590 894 1620 supra),
907 1592 934 1614 et
948 1590 1127 1620 sequestrando
1138 1590 1204 1614 bona

150 1623 331 1647 Canonicorum
343 1623 368 1646 in
382 1622 517 1646 Prehendis
533 1622 592 1651 suis,
604 1622 720 1646 videlicet
738 1622 833 1646 'rhome
848 1622 879 1646 de
897 1623 1044 1653 Stapildone
1061 1625 1088 1647 et
1102 1623 1205 1646 Roberti

149 1656 304 1685 Herewarde,
317 1658 343 1679 et
354 1655 460 1678 aliorum
473 1655 654 1679 Canonicorum
667 1658 693 1678 et
709 1655 934 1679 Prehendariorum
945 1655 1046 1685 ibidem,
1059 1658 1085 1679 et
1096 1656 1205 1679 tenendo

52 1695 128 1715 10122.
150 1689 201 1720 Cap
203 1689 266 1712 itula
288 1696 333 1711 sua
353 1688 378 1711 in
397 1688 484 1711 eodem
506 1687 594 1716 Choro,
615 1687 715 1710 citando
739 1687 876 1711 Canonicos
898 1690 924 1711 et
942 1687 1071 1711 Ministros
1091 1688 1205 1718 ejusdem

150 1721 225 1745 Chori
240 1721 271 1744 ad
284 1721 434 1744 veniendum
449 1728 530 1743 coram
543 1720 596 1750 ipso
609 1723 654 1743 etc.
673 1720 709 1748 (ut
721 1719 825 1750 snpr5a)
843 1723 870 1743 et
885 1720 932 1743 alia
949 1720 1009 1750 Regi
1026 1720 1204 1751 prejudicialia,

150 1754 266 1778 videlicet
278 1753 429 1790 Episcopum
442 1753 617 1780 Exoniensem‚
630 1753 673 1782 qui
685 1755 722 1776 est
735 1752 846 1782 ejusdem
861 1752 960 1783 Capelle
972 1753 1095 1782 Deoanus,
1108 1760 1204 1777 excom-

151 1786 309 1814 municando,
321 1788 347 1809 et
362 1786 444 1816 ipsum
460 1785 704 1809 excommunicatum
722 1793 765 1815 per
780 1787 861 1808 totam
879 1785 1003 1809 Diocesim
1021 1793 1093 1809 suam
1107 1786 1206 1817 publice

150 1819 330 1845 denunciando,
348 1820 375 1841 et
393 1818 511 1849 premissa
528 1818 610 1841 adhuc
627 1818 658 1841 de
675 1818 716 1841 die
732 1818 759 1841 in
775 1817 843 1841 diem
861 1818 1037 1847 continuando,
1050 1826 1079 1842 ea
1095 1825 1144 1848 que
1162 1826 1205 1849 per

149 1852 232 1882 ipsum
244 1854 304 1874 sunt
315 1851 426 1874 indebite
438 1852 589 1881 attemptata
601 1858 650 1873 non
663 1850 800 1874 revocando
815 1852 854 1874 set
868 1858 982 1874 revocare
993 1851 1137 1880 differendo,
1150 1853 1205 1880 etc„

149 1885 175 1908 in
188 1884 354 1915 prejudicium
367 1883 440 1913 Regis
452 1885 478 1906 et
489 1883 612 1906 libertatis
625 1883 724 1913 Capelle
737 1882 809 1913 Regis
821 1883 933 1914 predicte
944 1883 1070 1912 lesionem,
1082 1885 1108 1906 et
1120 1886 1207 1907 contra

149 1916 357 1941 Prohibucionem
369 1916 472 1946 Regiam
484 1918 538 1944 etc.v
551 1915 576 1939 in
592 1918 767 1946 contemptum
786 1915 887 1939 Domini
904 1916 978 1946 Regis
992 1916 1079 1939 decem
1097 1916 1205 1940 millium

149 1949 276 1973 librarum
312 1949 346 1972 Et
357 1948 404 1972 hoc
415 1949 487 1971 ofl'ert
499 1947 623 1971 verificare
636 1956 680 1977 pro
693 1948 800 1971 Domino
812 1949 885 1978 Rege,
898 1951 946 1972 etc.

119 1983 153 2006 Et
167 1982 291 2006 Robertus
307 1982 337 2005 (le
353 1981 445 2012 Derby,
458 1989 501 2011 per
515 1981 635 2004 Thomam
654 1981 685 2004 de
702 1981 808 2011 Thorpe,
820 1983 977 2004 attornatum
994 1988 1077 2009 suum,
1092 1981 1162 2004 venit
1178 1982 1205 2004 et

147 2014 260 2039 defendit
269 2014 319 2038 vim
332 2016 358 2037 et
369 2013 495 2044 injuriam,
503 2015 529 2036 et
541 2013 692 2043 quicumque
702 2016 740 2036 est
751 2014 777 2036 in
789 2015 937 2050 contemptu
950 2013 1030 2044 Regis,
1040 2016 1097 2043 etc„
1105 2015 1131 2037 et
1142 2013 1205 2037 dicit

149 2047 236 2077 quod*
229 2054 281 2077 lpse
297 2048 335 2070 est
351 2046 467 2070 Officialis
485 2046 599 2077 Episcopi
617 2045 784 2075 Cicestrensis,
803 2045 828 2069 in
844 2045 917 2076 eujus
933 2046 1031 2069 Diocesi
1049 2046 1159 2069 Ecclesia
1172 2046 1203 2069 de

148 2079 269 2103 Boseham
281 2081 326 2108 est,
339 2081 365 2102 et
376 2079 443 2109 quod
455 2078 529 2102 Anno
542 2078 621 2109 Regni
633 2078 706 2108 Regis
718 2086 785 2101 nunc
800 2080 895 2106 octavo,
908 2086 952 2109 pro
969 2086 998 2102 eo
1011 2078 1078 2108 quod
1094 2078 1203 2108 quedam

148 2112 287 2136 Prohibicio
304 2111 380 2142 Regia
392 2111 488 2143 prefato
500 2111 622 2142 Episcopo
638 2111 724 2135 extitit
741 2110 844 2135 liberata
860 2118 890 2135 ne
906 2111 1113 2136 Jurisdiccionem
1129 2110 1202 2135 Ordi-
