1328 2295
325 149 509 177 GENERAL
534 150 867 176 INDEX—BOSHAM.
1133 144 1179 178 63

121 229 345 254 Prebendariorum
368 229 555 253 Prebendarum
575 228 675 252 illarum
694 230 720 251 et
743 228 917 251 Ministrorum
940 228 1049 252 Ecclesie
1072 230 1182 260 predicte

120 262 327 287 Jurisdiccionem
340 262 498 286 Ordinariam
513 269 625 285 exercere
640 263 856 291 presumpserunt,
871 261 897 284 in
910 261 989 284 nostri
1007 264 1182 292 contemptum

120 297 146 318 et
158 295 232 325 Regie
242 294 379 325 Dignitatis
391 296 475 317 nostre
487 294 654 325 prejudicium
667 293 839 322 manifestum,
850 295 875 316 et
888 296 974 317 eontra
984 294 1182 318 Prohibieionem

120 329 237 351 nostram.
274 327 308 350 Et
326 327 417 350 habeas
434 327 469 350 ibi
489 326 591 350 nomina
610 326 749 356 plegiorum
768 328 793 349 et
808 326 855 349 hoc
870 326 1064 349 Breve—Teste
1081 327 1181 357 meipso,

120 360 187 390 apud
204 359 461 389 westmonasterium,
473 359 497 390 vj
512 359 552 382 die
564 359 657 387 Marcii,
668 358 742 382 Anno
756 358 835 389 Regni
847 358 926 381 nostri
938 360 1025 382 octavo
1046 359 1181 389 [1314-15].

154 408 262 464 Plffimz
274 416 354 451 coragn
376 408 481 431 Domino
498 408 559 438 Rege
578 407 607 431 de
632 407 743 431 Termino
762 407 848 430 Sancte
866 407 1002 436 Trinitatis,
1024 408 1094 431 Anno
1111 416 1184 433 nono:

211 444 250 464 οιιι
262 449 275 464 o
287 441 325 464 cix
342 449 380 464 :—-

92 473 210 503 Magister
220 473 344 496 Robertus
353 474 449 504 Leyset,
460 473 656 496 Archidiaconus
667 472 835 501 Cieestrensis,
844 474 870 495 et
882 472 1006 495 Robertus
1016 473 1046 496 de
1056 473 1182 504 Endreby,

35 1488 69 1508 fol.
83 1480 127 1508 αἱ).

125 506 241 529 Officialis
253 506 315 536 ejus¹
328 505 458 529 attachiati
470 506 574 529 fuerunt
586 506 618 528 ad
629 505 831 535 respondendum
851 504 958 528 Domino
972 505 1033 535 Regi
1045 506 1076 528 de
1090 506 1184 530 Plaeito

124 546 208 569 quare,
226 546 283 562 cum
304 538 414 562 Ecclesia
433 538 464 561 de
485 538 605 561 Boseham
622 538 656 560 sit
677 537 764 560 Libera
783 537 883 567 Capella
905 537 1007 560 Domini
1030 538 1109 568 Regis,
1127 541 1153 562 et
1170 547 1184 562 a

123 571 303 594 Jurisdiccione
319 570 455 599 Ordinaria,
469 570 584 601 precipue
602 572 734 599 quantum,
750 572 795 593 ete.
816 570 852 599 (ιιι
868 570 963 600 supra),
976 570 991 593 J
995 570 1183 595 urisdiccionem

124 603 280 627 Ordinariam
292 611 404 626 exercere
420 605 632 633 presumpserunt,
645 603 671 625 in
684 602 757 632 Regis
769 604 951 632 contemptum,
967 605 1011 626 etc.
1032 603 1069 632 (ut
1080 604 1165 633 supra)
1180 612 1185 632 ;

124 638 150 659 et
162 636 229 659 unde
242 636 364 659 Dominus
377 636 436 665 Rex,
450 643 493 666 per
505 635 646 658 Johannem
659 635 689 658 de
702 635 820 663 Nortone,
834 635 877 665 qui
893 635 1008 664 sequitur
1019 643 1063 665 pro
1075 644 1111 665 eo,
1124 636 1186 660 dicit

125 668 200 699 quod,
223 676 281 692 curn
307 668 416 691 Ecclesia
443 668 474 691 de
502 668 624 691 Boseham
652 667 762 698 predicta
785 667 819 690 sit
843 667 930 690 Libera
959 667 1059 698 Capella
1084 669 1187 692 Domini

125 701 206 731 Regis,
224 709 238 724 a
255 700 434 724 Jurisdiccione
455 700 593 728 Ordinaria,
612 700 735 730 precipue,
753 702 800 723 ete.
821 701 859 728 (ut
879 700 974 730 supra),
995 703 1110 731 exempta
1128 709 1185 731 pen-

125 733 176 756 itus
188 735 214 756 et
230 733 350 756 immunis
366 735 392 756 et
407 733 512 763 predicti
524 733 719 756 Archidiaconus
738 734 764 755 et
780 732 896 755 Officialis
914 732 968 762 ejus
981 733 997 756 J
1000 733 1187 757 urisdiccionem

125 765 281 789 ordinariam
294 768 339 789 etc.
359 766 395 794 (ut¹
410 766 504 795 supra).
521 773 564 795 pei·
579 773 604 788 se
617 768 642 788 et
655 773 719 794 SuOS,
732 765 832 788 nomine
844 765 962 795 ipsorum,
976 766 1186 796 presumpsissent

126 806 246 827 exercere,
269 800 370 828 propter
390 798 458 828 quod
486 798 625 821 Prohibieio
650 798 725 828 Regia
753 797 846 820 eisdem
873 797 1052 821 Archidiacono
1079 801 1104 822 et
1132 799 1188 829 ejus

127 830 230 854 officiali
253 831 327 853 missa
346 830 403 859 fuit,
421 838 465 861 pro
486 830 539 860 ipso
557 830 664 853 Domino
683 831 755 860 Rege,
773 832 799 853 et
822 830 914 853 eisdem
935 830 1044 859 liberata,
1063 831 1187 860 videlicet,

127 863 167 886 die
184 863 254 886 Jovis
272 863 324 892 (sic)
343 863 368 886 in
387 863 461 886 Festo
479 863 564 886 Sancti
583 863 719 891 Lmrencii,
738 863 811 885 Anno
830 862 909 892 Regni
927 863 1000 893 Regis
1017 871 1083 887 nunc
1101 866 1188 887 octavo

127 895 168 925 [10
181 896 253 926 Aug.y
267 895 347 924 1314],
358 896 425 925 apud
442 895 559 923 Cakham,
573 903 616 925 per
636 895 790 918 Willelmum
808 895 839 917 de
858 895 1007 925 Watergate,
1020 896 1045 919 in
1063 897 1189 926 presencia

128 928 227 951 Ricardi
255 928 285 951 de
312 928 478 959 Kihyngtone
502 930 528 951 et
556 928 654 951 Ric-rrsli
678 928 709 950 de
733 927 817 958 Otery,
839 935 870 950 ne
899 927 1045 957 hujusmodi
1067 929 1188 952 Jurisdic-

128 960 224 984 cionem
248 960 403 984 Ordinariam
426 963 569 983 exercerent
589 960 614 983 in
634 960 727 988 eadem,
748 960 852 990 predicti
871 959 1067 984 Archidi-xeonus
1087 964 1113 984 et
1133 962 1188 992 ejus

128 993 249 1022 Officialis,
273 1001 323 1016 non
348 993 463 1016 obstante
487 993 657 1016 Piohibicione
678 992 754 1022 Regiv.
777 992 894 1022 predict-z,
918 993 1022 1016 eandem
1047 994 1188 1024 Ecclesia‚m

128 1033 176 1056 que
194 1026 281 1049 Libera
299 1026 399 1055 Capella
415 1025 487 1055 Regis
505 1028 549 1053 est,
563 1028 680 1055 exempta
698 1028 723 1048 et
740 1025 867 1053 immunis,
884 1027 912 1047 ut
929 1026 1091 1055 pledicitur',
1084 1013 1188 1057 ingressi

129 1060 196 1087 sunt,
222 1061 247 1081 et
272 1058 479 1081 Jurisdiecionem
504 1058 659 1081 Ordinarimn
683 1058 708 1080 in
732 1057 818 1080 eadem
842 1065 953 1080 exercere
974 1062 1188 1089 presumpserunt,

130 1090 253 1113 visitando
266 1090 377 1114 Chorum
390 1093 415 1113 et
428 1091 554 1113 Ministros
568 1090 641 1113 Chori
654 1090 679 1112 in
690 1090 778 1118 Choro,
788 1092 814 1113 et
825 1091 1004 1120 sequestrando
1017 1091 1082 1114 bona
1093 1092 1188 1115 Canon-

129 1123 223 1146 icorum
244 1123 269 1146 in
293 1123 428 1146 prebendis
451 1123 509 1151 suis,
534 1123 648 1145 videlicet
672 1122 836 1145 Dominorum
859 1122 954 1146 Thome
976 1123 1007 1146 de
1031 1123 1189 1154 Stapeldone,

131 1156 233 1179 Roberti
251 1156 406 1184 Herewarde,
425 1157 451 1178 et
468 1155 573 1178 aliorum
592 1155 774 1178 Canonicorum
797 1155 896 1181 ibidem,
916 1158 942 1178 et
959 1156 1068 1179 tenendo
1086 1159 1111 1179 et
1128 1157 1188 1180 cele·

130 1188 224 1211 brando
243 1188 269 1211 in
288 1188 374 1211 eodem
396 1188 477 1211 Choro
496 1188 619 1218 Capitulu,
637 1190 662 1210 et
684 1188 743 1210 alias
761 1187 870 1210 diversas
888 1187 992 1217 injurias
1010 1188 1035 1211 in
1055 1189 1100 1212 hac
1120 1192 1190 1219 parte

130 1223 280 1251 attemptare
303 1223 516 1250 presumpserunt,
534 1223 560 1243 et
575 1220 605 1243 de
626 1220 666 1243 die
684 1220 709 1243 iu
733 1220 798 1242 diem
819 1222 971 1249 attemptare
989 1224 1145 1251 presumunt,
1164 1222 1190 1245 in

130 1253 318 1283 derogacionem
340 1253 462 1275 libertatis
486 1253 585 1283 Capelle
609 1252 721 1282 ejusdem
746 1252 825 1281 Regis,
847 1257 872 1275 et
895 1253 970 1283 ltegie
994 1253 1130 1283 Dignitatis
1148 1262 1192 1278 sue

129 1285 304 1316 prejudicium,
316 1287 342 1308 et
354 1287 527 1315 contemptum
540 1285 618 1315 ipsius
631 1285 731 1307 Domini
748 1284 820 1314 Regis
835 1285 903 1308 mille
921 1285 989 1308 libris
1002 1294 1007 1314 ;
1026 1289 1052 1309 et
1063 1286 1109 1309 hoc
1121 1287 1193 1310 offert

131 1318 256 1341 verificare
276 1326 319 1348 pro
337 1318 390 1347 ipso
407 1317 515 1340 Domino
537 1318 609 1347 Rege,
626 1320 672 1340 etc.
708 1318 742 1340 Et
760 1317 865 1347 predicti
882 1318 1077 1342 Arehidiaconus
1093 1321 1119 1342 et
1137 1319 1192 1349 ejus

131 1350 254 1379 Officialis,
272 1358 316 1380 per
338 1350 460 1373 Thomam
478 1350 509 1373 de
532 1350 626 1378 Shawe,
645 1352 802 1373 nttornatum
822 1358 904 1379 suum,
924 1353 1047 1374 venerunt
1064 1354 1090 1374 et
1107 1352 1192 1375 defen-

131 1383 224 1406 derunt
247 1383 297 1406 vim
320 1385 346 1406 et
363 1383 488 1413 injuriam,
507 1385 533 1405 et
550 1383 669 1413 quicquid
688 1384 726 1405 est
742 1382 767 1405 in
789 1385 963 1412 contemptum
980 1385 1006 1406 et
1026 1383 1193 1414 prejudicium

132 1415 233 1439 Domini
254 1415 334 1445 Regis,
352 1418 397 1438 etc.
434 1416 468 1438 Et
485 1415 546 1438 dicit
563 1415 631 1445 quod
648 1415 743 1438 nullam
765 1415 970 1438 Jurisdiccionem
989 1416 1145 1440 Ordinariam
1168 1417 1194 1440 in

133 1448 243 1479 predicta
256 1448 371 1477 Ecclesia,
383 1448 409 1470 in
422 1448 496 1478 Regis
508 1447 674 1478 prejudicium
687 1455 730 1470 seu
748 1450 922 1478 contemptum
939 1450 964 1471 et
981 1451 1067 1472 contra
1079 1449 1193 1479 ejusdem

132 1481 204 1510 Regis
228 1480 433 1509 Prohibicionem,
458 1482 625 1503 exercuerunt
645 1488 688 1503 seu
718 1482 869 1510 attemptare
898 1484 1111 1511 presumpserunt,
1135 1482 1194 1512 quia

131 1513 192 1536 dicit
214 1513 282 1543 quod
305 1513 416 1543 predicta
439 1513 554 1542 Ecclesia,
574 1520 623 1543 que
646 1512 772 1543 predictus
796 1513 923 1536 Johannes
943 1513 974 1536 de
998 1514 1110 1537 Nor-tone
1133 1514 1194 1537 dicit

133 1553 185 1569 esse
209 1545 309 1576 Capella
328 1545 415 1568 Libera
436 1545 516 1575 Regis,
540 1547 579 1568 est
602 1545 750 1568 Parochialis
774 1545 883 1568 Ecclesia
906 1547 932 1568 et
952 1545 1082 1569 animabus
1102 1549 1195 1576 curata,

132 1581 158 1601 et
190 1578 256 1601 iufra
283 1578 376 1601 limites
409 1578 448 1600 sui
481 1577 703 1601 Arehidiaconatus
719 1585 724 1605 ;
759 1580 784 1600 et
817 1578 885 1608 quod
919 1578 971 1608 ipse
1004 1581 1117 1609 tempore
1145 1587 1195 1609 quo

133 1611 270 1641 Episcopus
287 1610 447 1634 Cieestrensis
462 1610 509 1633 sibi
525 1610 666 1640 predictum
684 1609 920 1633 Archidiaeonatum
936 1611 1086 1640 conferebat,
1098 1611 1195 1635 invenit

132 1643 367 1666 Archidiaconatum
396 1650 471 1666 suum
494 1642 607 1665 seisitum
635 1643 666 1665 de
699 1643 715 1665 J
719 1642 879 1665 urisdiecione
908 1643 1044 1672 Ordinaria,
1073 1646 1118 1667 ete.
1136 1652 1141 1672 ;
1170 1646 1196 1668 et

134 1676 202 1706 quod
226 1683 311 1698 omnes
328 1675 510 1705 predecessores
528 1675 566 1698 sui
586 1675 757 1698 Arehicliaconi
776 1675 853 1698 seisiti
870 1675 981 1704 fuerunt,
998 1678 1052 1704 etc,
1070 1679 1096 1699 et
1116 1677 1132 1700 J
1135 1676 1196 1700 uris-

133 1708 270 1731 diccionem
283 1708 446 1737 Ordinariam,
460 1708 512 1730 sine
525 1707 715 1737 interrupcione,
727 1710 891 1731 exercuerunt
907 1708 933 1731 in
952 1708 1059 1732 Ecclesia
1077 1709 1196 1739 predicta,

133 1743 164 1764 ut
175 1741 200 1764 in
214 1740 350 1763 Parochiali
368 1740 475 1763 Ecclesia
488 1742 514 1763 et
525 1740 655 1763 animabus
668 1742 761 1768 curata,
774 1742 799 1763 et
811 1740 876 1763 infra
888 1740 987 1770 limites,
1001 1743 1046 1764 etc.
1082 1742 1116 1764 Et
1136 1741 1196 1772 ipse,

134 1775 160 1796 et
172 1772 287 1797 Officialis
298 1780 359 1796 suus
372 1773 504 1802 predictus,
517 1772 532 1795 J
536 1780 579 1795 ure
595 1772 732 1799 ordinario,
745 1774 820 1802 prout
832 1773 1013 1802 predecessores
1025 1774 1070 1803 sui,
1083 1774 1197 1797 fecerunt

135 1808 161 1829 et
174 1808 346 1833 exercuerunt,
359 1808 385 1828 et
402 1813 452 1828 non
469 1805 495 1828 in
512 1807 686 1835 contemptum
704 1805 805 1828 Domini
821 1805 901 1835 Regis,
914 1805 980 1829 sieut
995 1806 1029 1829 eis
1046 1806 1193 1836 imponitur.

135 1839 170 1861 Et
183 1838 214 1861 de
230 1838 276 1861 hoc
288 1838 359 1868 ponit
371 1845 396 1860 se
408 1845 482 1868 super
495 1837 611 1860 Patriam.
647 1838 681 1860 Et
694 1837 820 1867 predictus
833 1838 960 1861 Johannes
972 1838 1003 1861 de
1015 1839 1134 1868 Nortone,
1151 1839 1196 1869 qui

134 1870 249 1901 sequitur
266 1878 310 1900 pro
328 1870 434 1893 Domino
453 1870 525 1900 Rege,
543 1870 604 1893 dicit
623 1870 690 1900 quod
708 1870 834 1900 predictus
851 1870 1053 1898 Archidiaconus
1078 1879 1121 1894 seu
1140 1872 1195 1901 ejus

137 1903 260 1932 Officialis,
281 1910 330 1925 non
348 1903 468 1925 dedicunt
486 1903 547 1933 quin
566 1902 676 1932 predicta
694 1902 802 1925 Ecclesia
819 1902 853 1925 sit
871 1903 959 1926 Libera,
977 1903 1076 1933 Capella
1093 1903 1195 1926 Domini

138 1935 217 1966 Regis,
227 1938 252 1958 et
261 1937 414 1964 cognoscunt
423 1935 490 1965 quod
502 1935 708 1958 Jurisdiccionem
717 1935 874 1958 Ordiuariam
886 1939 1051 1958 exercuerunt
1060 1936 1085 1959 in
1095 1936 1180 1959 eadem
1190 1943 1195 1964 ;

139 1970 165 1991 et
176 1968 240 1998 petit
251 1967 381 1998 judicium,
395 1968 535 1991 ete—Dies
547 1968 621 1990 datus
634 1970 671 1990 est
689 1967 730 1996 eis,
744 1969 797 1996 ete,
816 1975 830 1990 a
847 1967 887 1990 die
905 1968 991 1991 Sancti
1009 1968 1107 1991 Hillarii
1124 1968 1149 1991 in
1162 1976 1194 1991 xv

138 2000 197 2029 dies,
210 2000 370 2030 ubicumque,
383 2002 429 2023 etc.
464 2000 504 2023 Ad
517 2007 591 2030 quem
608 2000 674 2023 ‹lien1
692 2000 817 2030 predictus
835 2000 851 2023 J
853 2000 962 2023 ohannes
978 2000 1009 2023 de
1019 2001 1137 2029 Nortone,
1151 2000 1195 2031 qui

138 2033 252 2063 sequitur
260 2040 305 2063 pro
317 2032 425 2055 Domino
437 2033 510 2062 Rege,
519 2035 550 2061 et,
561 2032 644 2059 eciam,
657 2033 780 2055 Robertus
792 2032 1096 2062 Leyset,Archidiaeonus,
1106 2035 1131 2056 et
1139 2033 1194 2063 ejus

140 2065 262 2093 officialis,
280 2072 324 2095 per
339 2065 480 2095 predictum
496 2065 618 2088 'rhomam
634 2065 665 2088 de
681 2065 775 2093 Shawe,
795 2067 952 2088 attornatum
968 2073 1049 2093 suum,
1064 2068 1109 2088 etc.
1123 2073 1196 2088 vene-

139 2100 207 2121 runt.
243 2098 277 2120 Et
299 2097 426 2128 predictus
450 2097 574 2120 Robertus
597 2100 622 2120 et
645 2097 700 2127 ejus
722 2097 837 2120 Officiulis
860 2097 935 2120 nichil
958 2098 1096 2120 ostendunt
1119 2105 1195 2128 quare

138 2130 155 2155 J
157 2130 346 2156 urisdiecionem
358 2129 522 2160 Ordinariam,
535 2136 565 2154 ut
580 2129 745 2162 premittitur,
759 2136 873 2154 exercere
889 2130 1004 2160 debeant,
1016 2137 1061 2154 nec
1075 2130 1196 2153 dedicunt
