1328 2295
361 132 539 160 GENERAL
561 133 903 159 INDEX—BOSHAM.
1162 126 1207 160 61

142 213 305 243 receptorem:
317 211 428 235 volentes
440 211 508 242 quod
520 211 660 235 secundum
677 211 848 241 quantitatem
862 213 888 235 et
905 210 1061 234 taxacionem
1079 211 1209 235 Prebende

144 246 226 268 vestre
243 244 407 268 contribuatis
425 251 483 267 cum
502 244 556 267 aliis
574 243 704 267 Canonicis
721 244 748 267 in
767 244 853 267 eadem
873 243 999 266 solucione
1017 243 1135 267 facienda.
1171 244 1209 267 De

145 277 193 306 die,
205 285 271 307 vero,
287 276 437 307 recepciouis
455 276 623 305 Presencium,
641 278 667 300 et
681 277 743 307 quid
762 284 837 307 super
851 276 898 299 hiis
916 276 1040 299 duxeritis
1056 276 1207 306 faciendum,

145 309 217 333 nobis
232 310 294 333 citra.
312 309 497 340 Garniprivium
509 317 553 339 per
572 311 668 332 vestras
687 309 783 332 Literas
799 309 925 337 patentes,
938 308 1028 331 harum
1045 309 1134 332 seriem
1150 317 1207 332 con-

145 342 261 371 tinentes,
285 342 394 365 dilucide
420 341 700 365 rescribatis—Datum
726 342 793 371 apud
817 341 970 370 Farendone,
989 340 1065 371 juxta
1090 341 1208 370 Anltone,

145 375 312 398 sextodecimo
328 375 368 398 die
387 374 508 402 Januarii,
531 374 604 397 Anno
624 374 726 397 Domini
740 374 873 397 Millesimo
894 373 969 397 CCC⁰
984 381 1057 402 nono,
1076 376 1101 396 et
1120 374 1209 397 Conse-

145 407 263 431 craeionis
289 410 374 431 nostre
398 407 472 430 Anno
499 407 608 430 secundo
638 405 774 438 [1309-10].
821 406 885 437 [The
919 406 1041 436 marginal
1065 406 1209 436 references,

145 440 309 471 throughout,
322 447 386 463 were
401 439 483 463 added
502 439 533 470 by
546 439 639 470 Bishop
652 439 823 468 Grandisson].

92 480 161 512 The
177 480 348 522 following
364 480 565 512 Documents
581 480 724 522 relating
740 482 774 511 to
788 479 930 511 Boshain
942 479 1027 510 have
1043 479 1111 510 also
1128 480 1210 511 been

49 524 160 557 bound
178 535 222 566 up
239 523 322 555 with
339 523 396 554 the
413 523 572 565 Register,
588 526 623 554 at
638 523 695 554 the
712 523 892 565 beginning
903 535 954 554 :—

49 565 142 594 fol.12b.
157 568 210 591 Rex
229 567 371 591 Venerabili
389 567 416 590 in
437 567 537 591 Christo
559 567 628 590 Patri
651 566 774 598 J[0hanni
794 567 825 590 de
846 565 995 597 Langtone]‚
1019 567 1106 590 eadem
1129 566 1210 597 gracia

148 600 269 631 Episcopo
288 599 443 629 Cicestrensi,
463 602 489 622 et
506 600 561 630 ejus
578 600 690 629 Officiali,
709 602 735 623 et
749 607 835 623 eorum
854 599 1043 626 Commissariis,
1060 599 1209 622 salutem.—

148 633 213 657 Oum
232 632 355 656 Dominus
374 632 499 655 Henricus
518 632 596 662 [lII.],
617 632 744 662 quondam
762 633 816 655 Rex
836 632 933 662 Anglie,
952 632 1099 662 Progenitor
1117 633 1209 661 noster,

147 673 191 696 per
209 665 309 689 Cartam
323 672 394 688 suam
410 672 486 695 quam
504 665 658 695 inspeximus
674 665 835 688 concessisset:
852 667 878 687 et
895 664 1073 693 confirmasset,
1086 672 1130 694 pro
1145 672 1171 687 se
1183 666 1210 687 et

146 698 280 722 heredibus
292 697 350 727 suis,
363 697 487 720 Willelmo
505 700 566 720 tnnc
583 697 717 720 Exoniensi
734 698 862 728 Episcopo„
876 697 1044 720 Predecessori
1056 696 1210 720 Venerabilis

148 730 229 754 Patris
242 730 351 759 Walteri,
362 738 429 753 nunc
445 730 560 760 Episcopi
577 730 690 760 ejusdem
708 730 772 758 Loci,
786 730 949 760 Capellariam
967 730 998 752 de
1010 729 1139 758 Boseham,
1152 737 1210 752 cum

149 763 259 786 Manerio
272 763 302 785 de
316 762 463 786 Chudeham
475 763 501 785 in
515 762 642 786 Comitatu
656 763 778 790 Susscxie,
792 765 817 786 et
829 770 886 785 cum
900 762 1010 785 Manerio
1022 763 1052 785 de
1066 762 1210 785 Farendone

148 796 175 819 in
195 795 323 819 Comitatu
347 795 548 825 Suthamptonie,
565 798 591 818 et
611 803 668 818 cum
688 795 797 818 Manerio
821 795 851 818 de
871 795 1023 825 Horseleghe
1038 795 1064 818 in
1082 794 1210 818 Comitatu

150 828 241 856 Surrie,
261 830 288 851 et
306 835 363 851 cum
386 827 502 850 omnibus
526 828 604 856 terris,
626 827 736 855 decimis,
762 828 848 856 feodis,
869 827 977 851 serviciis
998 827 1211 850 Advocacionibus

149 860 324 889 Ecclesiarum,
354 860 535 884 Collacionibus
562 860 755 889 Prebendarnm,
782 863 808 883 et
836 860 952 883 omnibus
972 860 1026 883 aliis
1051 859 1210 890 pertinenciis

149 893 207 922 suis,
228 895 254 916 et
271 900 330 916 cum
352 893 469 916 omnibus
486 893 645 916 libertatibus
663 896 688 915 et
709 893 792 916 liberis
815 893 1039 916 consuetudinibus
1058 893 1089 915 ad
1106 892 1210 915 eandem

150 925 313 956 Capellariam
339 927 365 948 et
388 925 498 948 Maneria
521 925 631 955 predicta
658 925 863 955 pertinentibus;
892 933 919 948 ac
949 925 1061 956 prefatus
1085 925 1210 948 Walterus

149 959 287 989 Episcopus
307 960 333 981 et
356 958 542 981 predecessores
560 958 606 987 sui,
625 958 740 988 Episcopi
762 958 820 981 Loci
839 958 950 988 predicti,
971 965 1069 988 semper
1088 957 1210 980 hactenus

149 999 164 1014 a
183 993 295 1021 tempore
313 990 475 1013 confeccionis
495 990 567 1013 Certe
588 991 698 1020 predicte
718 991 880 1020 Capellariam
898 990 1035 1020 predictam
1055 992 1081 1013 et
1101 990 1211 1013 Maneria

149 1023 261 1054 predicta
279 1031 336 1046 cum
353 1023 432 1052 terris,
452 1023 554 1046 decimis
567 1026 611 1046 etc.
632 1024 668 1051 (ut
682 1025 775 1053 supra),
789 1023 888 1053 pacifice
904 1023 1039 1051 tenuerint,
1053 1025 1083 1046 ut
1100 1022 1192 1045 dicitnr
1205 1031 1211 1051 ;

150 1056 208 1085 Nos,
235 1055 417 1079 concessionem
443 1056 580 1085 predictam
605 1058 767 1078 manutenere
795 1056 914 1084 volentes,
937 1058 968 1078 ut
994 1058 1117 1083 tenemur,
1141 1055 1211 1078 vobis

150 1088 311 1119 prohibemus
331 1096 361 1111 ne
379 1088 461 1118 ipsum
481 1089 632 1118 Episcopum
651 1096 726 1118 super
745 1088 881 1118 Capellaria
897 1088 1014 1118 predicta,
1028 1088 1210 1111 Collacionibus

150 1121 345 1150 habendarum,
363 1120 528 1149 libertatibus,
550 1123 595 1143 aut
620 1120 703 1143 liberis
723 1121 953 1149 consuetudinibus,
972 1128 1015 1143 seu
1033 1120 1086 1143 aliis
1106 1120 1210 1150 quibus-

149 1161 257 1183 cumque
283 1153 314 1176 ad
347 1153 510 1183 Capellariam
536 1156 561 1176 et
593 1153 703 1176 Maneria
735 1154 846 1183 predicta
875 1153 969 1176 virtute
998 1153 1071 1176 Certe
1100 1153 1210 1183 predicte

150 1186 330 1216 spectantibus,
354 1185 458 1208 trahatis
481 1186 507 1208 in
532 1186 655 1209 Placitum
679 1186 704 1208 in
729 1186 803 1209 Curia
825 1185 1028 1214 Christianitatis,
1048 1193 1093 1208 nec
1115 1185 1211 1215 aliquid

151 1219 176 1241 in
196 1218 242 1241 hac
260 1221 330 1248 parte
349 1218 513 1248 attemptatis,
533 1226 576 1241 seu
595 1226 638 1248 per
658 1218 717 1241 alios
738 1218 882 1248 attemptari
899 1218 1002 1247 faciatis,
1016 1218 1083 1248 quod
1098 1218 1123 1241 in
1141 1225 1211 1240 ener—

151 1251 278 1274 vacionem
293 1251 367 1274 Carte
379 1251 489 1281 predicte
501 1251 586 1274 cedere
598 1251 679 1274 valeat
691 1259 791 1281 quoquo
804 1251 885 1274 modo.
921 1251 955 1274 Et
966 1251 986 1274 si
1003 1251 1065 1281 quid
1082 1251 1210 1279 hactenus,

150 1291 195 1314 per
208 1291 252 1307 vos
267 1285 312 1306 aut
329 1286 431 1312 vestros,
450 1283 475 1306 in
492 1283 537 1306 hac
555 1286 625 1314 parte
639 1284 722 1306 minus
739 1284 786 1306 rite
803 1285 984 1313 attemptatum
1003 1283 1087 1312 fuerit,
1103 1283 1136 1311 id,
1158 1283 1210 1305 sine

151 1316 278 1344 dilacione,
297 1316 400 1345 faciatis,
421 1316 534 1346 exigente
551 1316 664 1344 Justicia‚
685 1316 927 1339 emendari—Teste
947 1317 1019 1346 Rege,
1040 1316 1107 1346 apud
1127 1316 1210 1338 NVest-

151 1348 338 1377 monasterium,
351 1357 402 1372 xxx
414 1349 453 1371 die
466 1349 544 1377 Junii,
557 1349 630 1372 Anno
642 1349 721 1378 Regni
733 1348 812 1372 nostri
824 1348 1011 1379 quartodecimo
1024 1347 1117 1379 [1321]-

119 1381 186 1404 —Et
198 1381 388 1404 memorandum
400 1382 467 1412 quod
477 1381 604 1404 consimile
617 1382 695 1404 Breve
706 1381 731 1404 in
744 1381 824 1404 forma
836 1381 960 1404 directum
970 1381 1020 1404 fuit
1029 1381 1210 1404 Archidiaoono

153 1413 307 1442 Cicestrensi,
320 1416 346 1437 et
362 1413 416 1444 ejus
435 1414 545 1442 Officiali,
558 1421 586 1437 ac
603 1422 689 1437 eorum
707 1413 894 1442 Commissariis,
907 1414 954 1436 sub
970 1414 1057 1436 eadem
1073 1414 1138 1436 datu.
1177 1413 1211 1436 Et

151 1446 202 1469 fuit
219 1447 304 1475 Breve,
324 1446 447 1469 directum
466 1447 594 1476 Episcopo,
607 1449 661 1475 etc.‚
675 1446 798 1469 traditum
816 1447 935 1476 Magistro
953 1446 1061 1469 Roberto
1079 1446 1110 1469 de
1126 1445 1210 1473 Derbi,

154 1478 257 1502 Officiali
280 1487 332 1507 suc,
353 1479 379 1501 in
403 1479 512 1502 Ecclesia
534 1479 564 1502 de
584 1479 713 1506 Eoseham,
737 1479 845 1502 secundo
868 1479 908 1502 die
927 1479 996 1507 Julii,
1016 1479 1090 1501 Anno
1109 1478 1211 1501 Domini

152 1510 190 1534 M0
214 1511 309 1534 CCCmo
333 1511 406 1541 xxj0;
424 1514 450 1534 et
467 1511 534 1535 aliud
553 1512 630 1534 Breve
648 1512 770 1534 traditum
791 1511 842 1535 fuit
862 1511 980 1542 Magistro
998 1511 1122 1535 Willelmo
1140 1511 1170 1534 de
1188 1510 1212 1533 la

154 1544 244 1574 Leyne,
259 1543 361 1567 Officiali
374 1544 547 1567 Archidiaeoni
559 1544 726 1573 Cicestreusis,
739 1544 826 1567 eodem
839 1544 884 1567 die.

118 1576 204 1599 —Rex
222 1576 363 1599 Venerabili
380 1576 405 1599 in
425 1576 523 1599 Christo
542 1577 617 1605 Patri,
637 1576 775 1607 J[ohanni],
793 1577 879 1600 eadem
894 1576 975 1607 gracia
992 1576 1113 1606 Episcopo
1130 1575 1209 1599 Cices-

152 1608 236 1637 trensi,
249 1611 275 1631 et
287 1609 342 1639 ejus
355 1609 465 1635 Officiali,
479 1617 507 1632 ac
519 1617 605 1632 eorum
623 1609 811 1637 Commissariis,
826 1609 1040 1632 salutem.—Cum
1059 1609 1168 1632 Ecclesia
1180 1609 1211 1631 de

153 1641 282 1670 Boseham,
298 1649 374 1671 quam
392 1641 546 1664 Venerabilis
562 1642 643 1670 Pater,
660 1642 807 1670 Willelmus,
821 1641 967 1665 Exoniensis
988 1642 1125 1672 Episcopus
1142 1643 1213 1664 tenet

154 1674 184 1697 de
202 1673 351 1696 fundacione
370 1674 561 1704 Progenitorum
580 1677 729 1702 nostrorum,
748 1675 875 1704 quondam
894 1675 991 1704 Regum
1009 1674 1104 1704 Anglie,
1123 1674 1211 1696 Libera

155 1706 254 1736 Capelle
266 1708 351 1729 nostra
363 1706 460 1735 existat,
473 1709 499 1729 et
511 1714 524 1729 a
541 1709 653 1736 tempore
669 1707 734 1730 dicte
753 1707 918 1730 Fundacionis
936 1714 1033 1737 semper
1048 1707 1169 1729 hactenus
1181 1706 1213 1729 ab

153 1738 222 1761 omni
239 1739 418 1762 Jurisdiccioue
436 1739 572 1767 Ordinaria,
586 1739 651 1762 sicut
668 1742 748 1762 cetere
767 1739 854 1762 Libere
871 1738 969 1770 Capelle
987 1741 1077 1768 nostre,
1095 1740 1211 1768 exempta

154 1778 206 1794 esse
224 1771 379 1794 consueverit
396 1771 496 1801 penitus
512 1773 538 1794 et
553 1771 680 1800 immunis,
694 1774 723 1795 ut
740 1772 848 1800 (licitur-3
867 1779 910 1795 vos
927 1771 1104 1795 nichilominus
1120 1771 1210 1801 hujus-

154 1803 222 1826 modi
233 1803 439 1827 Jurisdiccionem
452 1804 477 1827 in
490 1805 575 1827 eadem
589 1804 697 1827 Ecclesia
709 1804 841 1827 cxcercetis
857 1804 908 1835 jam
925 1804 956 1827 de
968 1812 1039 1832 novo,
1052 1804 1077 1827 in
1094 1804 1173 1827 nostri
1185 1805 1212 1826 et

154 1836 231 1866 ipsius
255 1836 371 1866 Episcopi
393 1836 567 1866 prejudicium,
592 1844 687 1859 necnon
715 1837 838 1860 libertatis
866 1837 965 1867 Capelle
994 1839 1077 1859 nostre
1101 1836 1211 1866 predicte

154 1869 341 1898 derogacionem
354 1869 518 1892 manifestam.
554 1870 594 1897 Et,
608 1870 666 1899 qnia
682 1869 799 1892 nolumus
814 1869 881 1899 quod
893 1869 964 1892 nobis
976 1877 1019 1892 seu
1032 1869 1079 1899 ipsi
1092 1869 1213 1899 Episcopo

155 1900 332 1931 prejudieetur‚
349 1903 394 1924 ant
411 1901 487 1924 eciam
505 1901 615 1925 libertati
630 1902 740 1932 predicte
759 1902 858 1932 Capelle
876 1904 959 1924 nostre
976 1902 1110 1932 derogatur
1125 1901 1151 1924 in
1167 1901 1213 1924 hac

154 1936 231 1963 parte,
245 1934 314 1956 vobis
327 1934 475 1957 mandamus
488 1935 562 1964 quod,
575 1934 595 1957 si
608 1935 643 1957 ita
656 1937 700 1963 est,
714 1937 775 1957 tunc
788 1934 818 1957 ab
837 1934 983 1964 hujusmodi
995 1933 1174 1957 Jurisdiccione
1187 1933 1212 1956 in

155 1965 241 1988 eadem
254 1966 363 1989 Ecclesia
380 1967 529 1989 excercenda
545 1967 678 1990 desistatis.
714 1967 748 1990 Et
765 1967 785 1990 si
801 1967 863 1997 quid
880 1967 948 1997 quod
964 1967 989 1989 in
1004 1966 1084 1989 nostri
1095 1974 1138 1989 seu
1151 1965 1212 1988 dicti

156 1998 271 2028 Episcopi
290 1998 464 2029 prejudicium,
485 2001 530 2022 aut
550 1999 672 2022 libertatis
692 1999 802 2029 predicte
822 1999 1007 2029 derogacionem
1028 1999 1113 2022 cedere
1132 1998 1214 2021 valeat

155 2038 199 2060 per
211 2038 254 2054 vos
266 2031 292 2054 in
307 2030 353 2054 hac
371 2033 440 2062 parte
456 2031 568 2054 indebite
582 2031 659 2055 fuerit
676 2034 866 2062 attemptatum,
879 2032 905 2054 id
921 2031 973 2054 sine
989 2031 1109 2054 dilacione
1126 2030 1214 2060 corrigi

155 2062 269 2092 faciatis3
296 2071 326 2086 ne
349 2064 449 2094 querela
471 2064 502 2087 ad
525 2072 570 2087 nos
592 2064 651 2087 inde
673 2064 801 2094 perveniat
823 2064 1028 2087 iterata—Teste
1051 2064 1124 2093 Rege,
1148 2063 1214 2092 apud

156 2095 310 2124 Dovorriam,
329 2095 388 2126 xxiij
411 2096 451 2119 die
468 2096 537 2127 Maij,
555 2096 629 2120 Anno
653 2097 731 2127 Regni
748 2097 828 2120 nostri
848 2099 919 2120 sexto
936 2095 1119 2127 [1313].—Hoc
1138 2095 1215 2118 Breve

157 2127 280 2152 traditum
292 2128 343 2152 fuit
354 2129 466 2160 predicto
478 2129 597 2160 Magistro
610 2129 727 2160 Roberto,
740 2129 852 2160 predicto
864 2129 911 2160 die,
923 2129 991 2160 apud
1005 2128 1132 2152 Boseham.
