1328 2295
92 164 162 199 364

282 175 356 202 THE
381 177 565 203 REGISTER
591 178 639 204 OF
664 178 805 204 BISHOP
830 177 1064 205 STAPELDON.

183 251 280 275 Terram
294 254 426 283 predictam
441 254 542 282 Ibernie,
558 255 639 277 contra
652 255 739 283 Regem
755 255 843 284 ipsum,
858 256 901 278 aut
916 255 940 277 in
956 255 1033 284 ipsius
1044 254 1120 284 Regni
1132 253 1217 283 Anglie
1229 255 1253 276 et

184 282 293 305 Parcium
309 284 468 312 predictorum
483 285 649 313 prejudicium,
667 292 721 307 cum
738 285 809 307 armis
826 285 863 307 vel
879 285 928 307 sine
946 285 1026 313 armis,
1039 285 1135 312 intrare,
1148 284 1250 313 aggredi,

183 314 226 334 aut
237 319 359 342 occupare,
372 314 462 343 absque
473 321 588 337 consensu
603 316 627 337 et
641 315 765 337 voluntate
778 315 862 344 ipsius,
876 315 1028 343 aliquatenus
1038 321 1086 336 non
1097 314 1236 343 presumant
1247 320 1253 340 ;

184 342 296 371 quodque
315 343 345 365 ab
364 343 527 366 invasionibus
543 345 567 366 et
587 344 777 373 aggressionibus
796 351 823 366 ac
844 344 1042 373 occupacionibus
1063 343 1210 372 hujusmodi,
1233 343 1254 365 si

184 379 244 401 quas
254 373 360 401 fecerint,
371 373 467 395 omnino
479 373 602 401 desistant,
612 381 654 396 nec
665 374 723 396 alias
734 374 799 403 pacis
811 375 835 396 et
846 374 969 396 concordie
980 374 1172 403 prosecucionem
1183 372 1253 394 nobis

184 402 325 431 injunctam,
343 404 385 425 ant
407 410 489 431 pacem
509 406 533 426 et
552 404 752 432 tranquillitatem
768 404 838 432 Regis
862 405 886 426 et
902 403 977 432 Regni
993 405 1017 426 et
1035 403 1145 425 Parcium
1161 402 1252 431 predic-

183 434 263 455 torum
290 432 441 461 aliquatenus
470 433 602 461 impediant
629 433 666 455 vel
688 433 839 458 conturbent.
863 435 905 455 aut
933 433 1067 455 turbatores
1089 432 1211 462 quoslibet
1231 432 1255 454 et

184 463 303 484 invasores
318 462 388 490 Regis
405 464 429 484 et
444 463 517 491 Regni
533 463 617 491 Anglie
634 464 657 485 et
675 463 784 485 Parcium
801 463 894 485 Ibernie
913 463 1082 492 predictorum,
1102 462 1127 484 in
1144 461 1252 491 pecunie,

184 499 307 521 equorum,
327 492 363 514 vel
378 498 505 520 armorum,
524 495 567 515 aut
583 493 683 514 aliorum
696 499 901 521 quorumcumque
916 492 1022 515 subsidio
1038 492 1180 521 coadjuvent
1196 498 1254 520 quo-

185 529 233 550 quo
250 522 330 549 niodo,
343 521 392 543 sive
403 524 511 550 prestent
519 522 577 551 ipsis
595 522 751 550 invasoribus,
765 522 950 551 aggressoribus,
962 524 985 545 et
996 521 1187 551 occupatoribus,
1201 528 1254 543 con-

186 552 275 580 silinm,
286 551 412 579 auxilium,
424 552 460 573 vel
469 552 581 579 savorem,
592 559 634 580 per
642 559 666 574 se
676 552 713 574 vel
724 552 798 574 alium
809 559 852 574 seu
863 552 930 579 alios,
940 552 1063 581 publicum
1074 551 1112 574 vel
1123 551 1252 573 occultum.

186 582 257 609 Quod
275 582 295 603 si
310 581 399 603 dictum
420 581 549 603 Dominum
562 582 649 610 Regem
667 583 710 604 aut
729 582 836 610 Regnum
854 582 947 610 Anglie,
968 583 992 604 et
1008 582 1103 604 Terram
1125 580 1257 610 predictam

186 611 287 640 Ibernie,
300 612 382 633 contra
394 611 480 640 Regem
493 611 572 640 ipsum
584 614 626 633 aut
637 612 660 633 in
673 612 724 639 ejus
736 611 903 640 prejudicium,
917 618 971 633 cum
982 611 1054 634 armis
1066 611 1103 633 vel
1114 611 1164 633 sine
1175 610 1254 638 armis,

186 642 275 664 intrare
296 642 491 670 presumpserint,
505 643 548 663 aut
559 641 589 663 ab
610 641 773 663 invasionibus
784 642 807 663 et
819 641 1008 670 aggressionibus
1019 648 1046 663 ac
1057 639 1256 669 occupacionibus

186 671 327 699 hujusmodi
344 677 391 692 non
408 671 551 699 destiterint,
571 672 614 693 aut
632 671 690 693 alias
708 671 772 700 pacis
790 672 814 693 et
834 671 958 693 concordie
978 670 1171 700 prosecucionem
1189 669 1258 697 nobis

187 701 328 730 injunctam,
358 707 385 722 ac
404 707 485 729 pacem
505 702 528 722 et
547 701 745 729 tranquillitatem
774 701 845 729 Regis
863 702 887 723 et
906 701 982 729 Regni
1005 700 1089 729 Anglie
1107 701 1131 722 et
1148 699 1259 722 Parcium

188 730 349 760 predictorum
379 730 546 760 impediverint
573 732 616 752 aut
644 730 846 758 conturbaverint,
869 734 911 753 aut
938 730 1073 753 turbatores
1094 729 1215 758 quoslibet
1236 729 1260 751 et

188 762 316 788 invasoreS,
329 767 483 789 aggressores,
497 767 522 782 ac
539 762 692 789 occupatores
706 760 777 789 Regis
792 762 815 782 et
830 760 904 788 Regni
915 760 999 789 Anglie
1011 761 1035 782 et
1046 760 1155 782 Pal-cium
1166 758 1260 781 Ibernie

189 790 359 820 predictorum,
388 791 413 813 in
441 790 548 819 pecunie,
578 797 703 819 equorum,
725 797 852 818 armorum,
872 792 914 812 aut
932 790 1033 812 aliorum
1053 795 1259 818 quorumcumque

189 820 298 842 subsidio
315 819 515 849 coadjuvaverint,
537 826 578 841 seu
597 820 746 848 prestiterint
767 820 825 848 ipsis
846 820 1004 848 invasoribus,
1027 818 1210 848 aggressoribus,
1233 819 1258 840 et

189 849 373 879 occupatoribus
393 850 526 877 consilium,
545 850 670 877 auxilium,
691 849 727 871 vel
747 849 859 878 favorem,
879 857 921 878 per
938 856 961 871 se
980 849 1016 871 vel
1035 849 1108 871 alium
1129 855 1172 870 seu
1188 847 1256 875 alios,

189 879 312 908 publicum
344 880 381 902 vel
414 879 542 907 occultum,
572 879 617 901 nisi
649 879 711 901 infra
743 886 758 901 x
785 879 835 901 dies
861 886 875 901 a
900 881 1007 908 tempore
1034 877 1208 901 Publicaciouis
1234 879 1258 899 et

190 909 368 931 Notiticacionis
386 909 536 932 Presencium
558 909 669 930 continue
692 909 873 937 computandos,
897 916 999 934 quorum
1025 910 1073 930 tres
1099 914 1143 936 pro
1170 907 1255 936 primo,

189 940 213 961 et
238 940 286 961 tres
312 945 355 967 pro
381 939 491 967 secundo,
520 940 543 960 et
566 938 669 967 reliquos
695 940 799 967 quatuor
824 939 883 967 ipsis
909 938 1022 966 Roberto,
1051 939 1075 960 et
1099 937 1257 965 invasoribus,

189 968 362 996 turbatoribus,
391 971 415 991 et
441 968 617 997 aggressoribus
644 970 667 990 et
694 968 884 997 occupatoribus,
910 970 933 991 et
960 975 1043 990 eorum
1068 967 1177 996 singulis,
1214 973 1258 996 pro

189 999 263 1021 tercio
294 1000 319 1020 et
350 999 510 1028 peremptorio
537 998 639 1020 termino
665 1000 689 1020 et
715 998 848 1020 Monicione
881 998 999 1021 Cauonica
1024 997 1179 1026 assignamus,
1207 997 1258 1019 des-

189 1028 284 1051 titerint
311 1036 325 1050 a
351 1029 464 1058 predictis
488 1029 512 1050 et
540 1027 640 1056 singulis
675 1028 844 1056 predictorum,
875 1031 918 1050 aut
952 1029 1034 1050 contra
1064 1027 1207 1049 inonicioues
1234 1027 1258 1048 et

189 1058 367 1081 exhortaciones
391 1060 484 1080 nostras
508 1057 647 1086 hujusmodi
670 1058 775 1085 fecerint,
804 1059 846 1080 aut
862 1057 1013 1086 presentibus
1036 1056 1156 1079 mandatis
1171 1055 1259 1078 nostris

189 1088 226 1111 vel
241 1088 340 1110 monitis
356 1095 403 1110 non
420 1088 550 1116 paruerint,
571 1094 625 1109 cuni
641 1087 742 1115 effecum
764 1094 814 1115 nos,
835 1087 943 1116 predicta
953 1087 1092 1115 Apostolica
1107 1086 1259 1108 Auctoritate

190 1118 259 1140 nobis
277 1119 302 1140 in
320 1118 364 1140 hac
382 1119 450 1147 parte
467 1117 600 1145 commissa,
614 1117 637 1138 in
657 1117 758 1138 eundem
773 1117 906 1139 Robertum
923 1117 952 1139 ιὶε
969 1117 1039 1145 Brus,
1054 1117 1160 1145 Regnum
1176 1115 1257 1138 Scocie

189 1148 369 1177 gubernantem,
382 1149 406 1170 et
417 1147 441 1169 iu
459 1154 539 1169 omnes
557 1148 581 1169 et
599 1147 706 1175 singulos
724 1147 847 1175 Magnates
865 1148 889 1169 et
908 1147 1015 1174 Nobiles,
1035 1148 1078 1168 aut
1094 1152 1257 1174 quoscumque

189 1178 248 1200 alios
264 1178 350 1206 Anglie
367 1179 391 1200 et
406 1177 486 1199 Scoeie
503 1177 637 1205 Regnorum
656 1178 680 1198 et
697 1177 823 1198 Terrarum
844 1179 886 1199 aut
904 1176 1013 1198 Parcium
1032 1175 1201 1205 predictorum,
1214 1181 1257 1197 seu

189 1208 290 1230 aliorum
302 1208 438 1236 Regnorum
457 1208 480 1229 et
494 1206 601 1228 Porcium
618 1213 823 1235 quorumcumque
835 1206 931 1234 incolas,
944 1208 968 1228 et
984 1206 1008 1228 in
1024 1212 1105 1228 omnes
1116 1206 1140 1227 et
1151 1204 1256 1233 singulos

190 1237 325 1266 complices,
348 1237 477 1265 adjutores,
502 1236 620 1263 valitores,
644 1236 798 1264 consiliarios,
823 1236 935 1264 fautores,
963 1237 987 1258 et
1013 1241 1124 1264 sequaces
1150 1234 1256 1263 ejusdem

190 1267 290 1289 Roberti
301 1269 324 1289 et
336 1267 436 1289 aliorum
449 1266 589 1294 Magnatum
601 1267 625 1288 et
638 1265 761 1287 Nobilium
774 1265 943 1294 predictorum,
957 1266 1129 1294 cujuscumque
1140 1264 1255 1293 preemin-

191 1297 264 1326 encie,
282 1297 413 1325 dignitatis,
431 1296 587 1323 auctoritatis,
606 1297 630 1317 et
646 1295 790 1317 condicionis
802 1297 844 1317 aut
855 1297 932 1317 status
944 1295 1055 1323 existant,
1068 1295 1111 1324 qui
1122 1294 1210 1323 Regem
1221 1294 1256 1323 ip-

190 1334 250 1354 sum,
282 1328 324 1349 aut
343 1327 451 1355 Regnum
470 1325 556 1353 Anglie
575 1326 599 1347 et
618 1325 714 1347 'serram
733 1325 826 1347 Ibernie
844 1326 982 1353 memorata,
1003 1326 1046 1347 aut
1062 1325 1153 1353 partem
1174 1330 1257 1345 eorum

191 1363 373 1385 quamcumque,
391 1355 511 1377 hostiliter
525 1354 642 1382 invadere,
661 1354 764 1383 aggredi,
784 1361 906 1383 occupare,
927 1355 965 1377 vel
986 1355 1094 1383 Regnum
1116 1354 1140 1376 et
1161 1353 1257 1375 Terram

189 1387 303 1415 predicta,
319 1391 402 1408 contra
413 1385 500 1414 Regem
512 1385 591 1413 ipsum
603 1386 626 1406 et
638 1385 663 1406 iu
674 1384 725 1412 ejus
736 1384 903 1413 prejudicium,
916 1391 969 1406 cum
982 1384 1053 1406 armis
1064 1383 1102 1406 vel
1117 1383 1167 1405 sine
1176 1383 1255 1411 armis,

190 1417 278 1438 intrare
292 1416 443 1445 aliquatenus
458 1414 654 1444 presumpserint,
671 1421 713 1436 seu
729 1414 771 1443 qui
787 1414 818 1436 ab
834 1414 1005 1442 invasionibus,
1022 1412 1219 1442 aggressionibus,
1232 1414 1256 1435 et

191 1445 397 1475 occupacionibus,
408 1445 457 1473 jam
476 1444 544 1466 factis
561 1445 585 1466 et
594 1444 742 1472 inposterum
754 1443 875 1472 faciendis,
887 1444 983 1466 omnino
993 1450 1041 1465 non
1057 1442 1202 1471 destiterint,
1214 1443 1257 1464 aut

190 1475 248 1497 alias
264 1476 329 1504 pacis
346 1476 370 1497 et
388 1474 511 1497 concordie
527 1473 687 1502 predictarum
701 1474 892 1501 prosecucionem
903 1473 972 1496 nobis
983 1474 1123 1501 injunctam,
1137 1479 1163 1494 ac
1174 1478 1256 1501 pacem

189 1506 213 1527 et
228 1505 427 1534 tranquillitatem
445 1504 516 1532 Regis
537 1505 560 1525 et
577 1503 652 1532 Regni
673 1505 697 1525 et
713 1503 822 1525 Parcium
836 1503 997 1532 predictorum
1009 1502 1147 1532 aliqualiter
1157 1501 1256 1531 impedi·

189 1535 267 1557 verint
298 1538 340 1557 aut
363 1533 565 1561 conturbaverint,
585 1540 611 1554 ac
634 1532 800 1554 turbatoribus
821 1533 970 1561 quibuslibet
991 1534 1015 1555 et
1033 1531 1209 1561 aggressoribus
1230 1538 1257 1553 ac

189 1564 338 1587 invasoribus
355 1564 426 1592 Regis
441 1565 465 1585 et
482 1563 557 1591 Regni
568 1562 653 1591 Anglie
664 1570 690 1584 ac
702 1562 812 1584 Parcium
824 1563 917 1584 lbernie
929 1562 1099 1591 predictorum,
1112 1562 1136 1583 in
1147 1561 1254 1590 pecunie,

189 1601 313 1623 equorum,
334 1600 461 1621 armorum,
490 1594 533 1614 aut
558 1592 658 1614 aliorum
688 1599 894 1621 quorumcumque
913 1592 1021 1614 subsidio
1039 1591 1184 1620 juvaverint,
1207 1591 1256 1613 sive

188 1624 337 1653 prostiterint
348 1624 412 1645 (licto
430 1623 534 1645 Roberto
547 1623 571 1644 et
587 1622 646 1650 ipsis
662 1622 819 1650 invasoribus,
832 1622 1015 1651 aggressoribus,
1034 1624 1058 1644 et
1073 1620 1256 1649 occupatoribus

189 1654 323 1681 consilium,
343 1653 467 1680 auxilium,
489 1652 526 1674 vel
545 1652 658 1680 savorem,
677 1658 719 1680 per
736 1658 759 1673 se
776 1651 813 1673 vel
833 1652 907 1673 alium
927 1658 968 1674 seu
985 1651 1053 1679 alios,
1066 1650 1254 1680 quomodolibet,

188 1683 313 1712 publicum
328 1683 364 1705 vel
378 1683 507 1709 occultum,
520 1682 566 1704 nisi
582 1682 644 1704 intra
660 1681 794 1710 predictum
810 1682 939 1704 terminum
955 1688 969 1703 a
979 1681 1100 1710 premissis
1112 1680 1254 1708 destiterint,

190 1715 213 1735 et
229 1720 256 1736 ea
271 1720 316 1742 que
331 1713 389 1742 ipsis
405 1713 552 1741 injungimus
566 1713 590 1733 et
606 1711 700 1739 singula
715 1711 845 1733 eorundem
856 1718 902 1733 non
914 1711 1084 1740 compleverint
1095 1717 1147 1733 cum
1161 1710 1254 1738 effectu,

189 1750 218 1765 ex
231 1750 294 1765 nunc
303 1744 331 1765 ut
345 1750 373 1765 ex
390 1744 455 1770 tunc,
468 1741 601 1764 Monicioue
617 1741 732 1770 premissa
743 1741 869 1769 Canonica,
883 1741 1033 1764 Auctoritate
1044 1740 1144 1769 prefata,
1157 1741 1256 1763 Excom-

188 1773 359 1795 nlunicacionis
373 1772 510 1795 sentencias
524 1771 623 1793 ferimus
637 1771 661 1792 in
676 1770 723 1793 hiis
740 1771 842 1799 scriptis.
876 1771 968 1799 Terras,
980 1777 1043 1799 vero,
1061 1770 1137 1799 ipsius
1148 1769 1255 1798 Roberti,

188 1810 215 1825 ac
230 1803 368 1832 Magnatun:
388 1804 412 1824 et
431 1801 556 1824 Nobilium
575 1800 744 1829 predictorum,
762 1807 852 1822 necnon
868 1800 1019 1829 complicum,
1038 1800 1185 1829 adjutorum,
1199 1799 1256 1822 vali-

189 1834 279 1860 torum,
295 1832 492 1859 consiliariorum,
509 1832 639 1858 fautorum,
656 1832 680 1852 ct
693 1830 830 1859 sequacium
852 1830 971 1852 dictorum
987 1830 1093 1857 Roberti,
1114 1834 1138 1853 et
1155 1830 1256 1853 aliorum

190 1868 396 1891 quorumcumque
412 1861 550 1889 Magnatum
565 1862 589 1882 et
605 1860 729 1882 Nobilium
742 1860 911 1888 predictorum,
924 1860 943 1882 si
955 1860 997 1888 qui
1009 1860 1104 1887 suerint,
1117 1860 1159 1889 qui
1175 1861 1256 1882 contra

190 1892 335 1914 moniciones
346 1893 370 1913 et
381 1891 494 1913 mandata
511 1891 592 1912 nostra
611 1889 702 1917 aliquid
714 1890 895 1918 acceptaverint,
909 1891 932 1912 et
948 1889 1036 1911 nostris
1047 1889 1221 1912 municionibus
1232 1890 1255 1911 et

189 1921 308 1943 mandatis
323 1928 370 1943 non
383 1920 513 1949 paruerint,
526 1922 554 1942 ut
570 1920 725 1948 premittitur,
739 1926 792 1941 cum
809 1919 903 1947 effectu,
921 1919 946 1941 in
962 1919 1007 1941 hiis
1024 1919 1126 1947 scriptis,
1139 1926 1182 1948 per
1196 1919 1256 1941 hanc

188 1953 294 1973 nostram
306 1950 453 1973 Sentenciam
464 1950 628 1972 Ecclesiastico
639 1949 797 1977 supponimus
809 1949 945 1971 lutei-dicto.
979 1948 1178 1978 Archiepiscopis,
1192 1955 1254 1977 vero,

189 1982 213 2003 et
228 1980 360 2009 Episcopis,
374 1980 461 2008 quibus
478 1979 508 2001 ob
525 1979 681 2001 reverenciam
698 1978 844 2001 Pontificalis
855 1978 985 2007 Dignitatis
1002 1978 1091 2000 deferre
1106 1979 1217 2001 volumus
1231 1979 1256 2000 in

189 2010 234 2032 bac
245 2012 319 2038 parte,
333 2011 353 2031 si
364 2010 405 2038 qui
415 2009 628 2031 fuerint-lictorum
639 2008 737 2030 Robeiti
746 2008 895 2037 aliorumque
903 2015 1109 2037 quorumcumque
1118 2008 1257 2037 Mag-natum

189 2042 214 2062 et
230 2040 362 2067 Nobilium,
381 2040 404 2061 in
421 2042 445 2061 et
461 2046 532 2067 super
548 2038 676 2067 premissis,
694 2038 824 2066 adjutores,
846 2038 965 2066 valitores,
984 2038 1119 2066 consiliarii,
1142 2038 1255 2066 fautores,

189 2069 377 2098 quomodolibet,
395 2070 437 2091 aut
452 2075 571 2097 sequaces,
589 2069 671 2090 contra
686 2068 830 2090 moniciones
846 2069 870 2090 et
886 2068 999 2090 mandata
1016 2069 1098 2090 nostra
1118 2068 1256 2096 hujusmodi

189 2099 304 2127 faciendo,
313 2100 355 2121 aut
366 2099 407 2128 qui
420 2099 484 2127 pacis
495 2101 518 2120 et
530 2098 653 2120 concordie
665 2097 823 2126 predictarum
836 2097 1025 2126 prosecucionem
1038 2097 1106 2119 nobis
1114 2097 1253 2126 injunctam,

190 2131 232 2151 aut
243 2136 324 2157 pacem
344 2130 367 2150 et
386 2128 585 2157 tranquillitatem
599 2127 669 2156 Regis
686 2129 710 2149 et
728 2127 802 2156 Regni
819 2127 904 2155 Anglie
922 2134 948 2149 ac.
967 2127 1074 2149 Parcium
1095 2127 1255 2156 predictorum

192 2158 327 2188 aliqualiter
353 2158 520 2187 impediverint
546 2159 588 2180 aut
614 2157 772 2185 turbaverint,
795 2164 822 2179 ae
848 2157 940 2179 dictum
967 2156 1107 2185 Robertuni,
1130 2158 1173 2180 aut
1198 2156 1256 2179 alios
