1328 2295
92 139 141 175 64

89 1414 123 1434 sol.
137 1421 167 1439 15.

294 151 369 177 THE
394 152 582 178 REGISTER
608 152 657 179 OF
683 153 823 179 BISHOP
849 152 1084 180 STAPELDON.

189 229 253 260 quin
264 230 377 261 predicta
388 230 499 254 Ecclesia
515 231 547 254 de
562 230 685 255 Boseham
700 231 734 255 sit
750 231 840 255 Libera
858 231 959 262 Capella
975 230 1057 262 Regis,
1071 232 1097 254 et
1108 237 1123 253 a
1134 228 1256 254 Jurisdic-

189 262 259 286 cione
277 263 415 292 Ordinaria,
433 263 550 294 precipue
573 266 699 294 quantum
716 264 749 287 ad
766 264 885 294 Chorum,
904 267 950 288 etc.
969 264 1007 293 (ut
1025 263 1120 293 supra),
1138 263 1256 292 exempta

189 295 291 326 penitus
303 298 329 319 et
340 296 469 325 immunis,
482 298 512 320 ut
523 296 621 327 plenius
634 297 807 327 supradictum
821 299 866 325 est,
879 300 925 320 etc.
961 297 1036 321 Unde
1047 296 1116 319 idem
1128 295 1255 319 Johannes

189 328 220 351 de
233 328 346 352 Nortone
358 329 423 359 petit
434 315 560 359 ju'dicium
576 337 620 359 pro
635 329 744 353 Domino
759 330 827 360 Rege
843 330 874 353 de
887 330 1058 360 recognicione
1075 336 1120 352 sua
1135 327 1255 358 predicta,

189 363 236 384 etc.
271 361 306 384 Et
323 361 452 392 predictus
470 362 668 385 Archidiaconus
691 364 718 385 et
734 362 790 392 ejus
808 362 931 391 Officiah's,
951 370 995 393 per
1016 361 1159 392 predictum
1177 362 1255 383 attor-

189 395 279 416 natum
291 401 374 423 suum,
387 394 483 423 dicunt,
498 396 527 417 ut
544 394 622 425 prius,
634 395 703 425 quod
719 402 806 418 omnes
821 396 1004 425 predecessores
1022 395 1062 418 sui
1073 392 1255 422 Archffliaconi,

189 428 236 450 etc.
251 426 277 449 in
290 427 402 457 predicta
414 427 524 450 Ecclesia
536 429 581 450 etc.
602 427 639 455 (ut
654 428 748 458 supra),
761 435 859 458 semper
874 428 922 451 Ju1
923 427 1084 451 isdiccionem
1096 425 1254 450 ordinariam

189 459 367 489 supradictam,
379 461 411 482 ut
429 459 456 482 in
474 459 677 488 Visitacionibus,
692 460 901 489 Corieccionibus,
916 460 1095 488 Citacionibus,
1108 459 1255 489 Sequestra-

189 491 309 521 cionibus,
323 494 348 515 et
367 492 421 515 aliis
433 499 483 522 que
498 492 530 515 ad
549 492 665 516 Officium
677 493 859 522 Aschidiaeoffl,
872 495 925 516 tam
938 493 964 516 in
977 493 1044 516 dicta
1056 491 1165 515 Ecclesia
1178 498 1255 521 quam

187 523 215 547 in
235 524 289 547 aliis
312 524 428 548 Ecclesiis
451 525 644 554 Parochjalibus,
662 528 688 549 et
710 525 776 549 infra
797 525 890 549 limites
913 533 1000 549 eorum
1023 525 1254 552 Archidiaconatus,

188 557 374 587 pertinuerunt,
394 557 521 587 faciendis,
540 557 640 588 pacifice
660 560 686 581 et
709 558 761 582 sine
778 558 963 589 interrupcione
984 559 1157 586 exercuerunt,
1176 559 1202 580 et
1224 563 1256 579 ex

188 597 239 620 quo
250 589 304 620 ipse
316 589 512 613 Archidiaconus
524 590 622 613 invenit
637 591 779 621 predictum
792 591 1031 614 Arehidiaconatum
1048 598 1123 614 suum
1139 589 1254 613 seisitum

188 622 220 645 de
236 622 385 653 hujusmodi
397 623 413 646 J
417 623 639 652 urisdicciouibus3
655 624 720 654 petit
736 623 861 654 judicium
879 624 899 647 si
917 623 1040 647 Dominus
1058 623 1112 646 Rex
1129 622 1254 646 accionem

189 654 280 678 habere
291 655 383 679 debeat
391 663 477 679 versus
485 663 543 679 eum
553 657 721 686 conquerendi
730 657 761 679 de
770 657 854 687 aliqua
865 656 957 687 injuria
969 655 1017 679 sibi
1028 656 1095 679 facta
1106 655 1132 678 in
1141 657 1255 685 tempore

189 695 242 716 suo,
256 689 302 712 etc.
317 696 323 717 ;
341 696 372 711 ex
384 695 434 718 quo
449 688 562 719 predicta
574 689 684 712 Ecclesia
696 689 726 712 de
745 689 868 712 Boseham
886 692 925 712 est
941 689 1051 712 Ecclesia
1062 687 1212 712 Parochialis
1231 689 1257 710 et

189 720 321 744 animabus
338 723 432 750 curata,
449 723 479 744 ut
494 721 637 752 predictum
653 724 699 749 est
716 724 742 745 et
760 730 847 745 omnes
866 722 1048 751 Archidiaconi,
1069 721 1254 751 predecessores

189 753 228 776 sui
247 753 429 782 Archidiaconi,
451 756 508 782 etc„
530 754 723 777 Jurisdicciones
748 754 890 778 Ordinaiias
908 754 934 777 in
955 754 1023 777 dicta
1043 740 1159 782 Ecclesia,
1182 755 1212 776 ut
1227 752 1254 775 in

189 786 300 809 Ecclesia
313 786 458 815 Parochiali,
478 788 532 815 etc.,
548 789 719 815 exercuerunt,
735 790 811 817 plout
826 787 878 818 ipse
896 790 998 818 paratus
1016 789 1054 810 est
1068 786 1194 810 verificare
1210 793 1255 815 per

188 817 314 849 patriam,1
327 819 366 842 vel
378 822 454 849 prout
467 819 548 848 Curia,
562 821 607 843 etc.
610 820 702 843 —Dies
715 820 789 843 datus
802 823 841 843 est
853 820 894 849 eis,
908 822 962 848 etc,
975 827 989 843 a
1006 820 1053 842 Die
1072 819 1165 842 Pasche
1181 818 1208 841 in
1220 826 1253 841 xv

189 851 248 880 dies,
261 851 415 882 ubicumque
431 854 485 881 etc„
499 852 573 875 salvis
590 852 730 876 racionibus
749 860 779 875 ex
796 855 903 883 utraque
921 853 996 876 Parte
1012 851 1187 883 proponendis,
1206 853 1252 874 etc.

189 884 285 913 Postea,
296 884 328 907 ad
339 885 462 915 prefatam
474 893 507 907 xv
517 885 617 914 Pasche,
628 886 756 915 predictus
768 885 896 908 «Iohannes
908 885 939 908 de
951 885 1071 914 Nortone,
1081 885 1124 915 qui
1137 883 1253 914 sequitur

188 924 233 947 pro
251 917 360 940 Domino
378 917 452 947 Rege,
470 917 548 946 venit,
566 920 591 940 et
609 918 715 948 predicti
733 918 929 941 Archidiaconus
947 920 973 941 et
993 918 1049 948 ejus
1067 917 1191 946 officialis,
1209 924 1253 947 per

188 949 311 973 Thomam
331 950 362 973 de
382 950 476 979 Shawe,
491 952 656 979 attornatum,
676 953 730 980 etc.,
749 951 864 974 similiter
884 953 1014 974 venerunt.
1051 950 1085 973 Et
1105 950 1157 973 dies
1178 950 1253 972 datus

188 984 227 1005 est
243 982 278 1005 eis
295 982 321 1005 in
340 982 441 1006 Octabis
459 983 550 1006 Sancte
570 983 708 1012 Trinitatis,
728 983 888 1013 ubicumque,
907 983 1087 1012 etc—Postea,
1105 983 1131 1006 in
1151 982 1253 1006 Octabis

188 1015 280 1038 Sancte
287 1015 426 1043 Trinitatis,
435 1015 509 1038 Anno
521 1016 598 1046 Regni
607 1016 681 1046 Regis
693 1024 760 1039 nune
770 1016 866 1039 decimo
879 1014 974 1046 [1317]‚
986 1016 1113 1046 predictus
1124 1015 1253 1039 Johannes

188 1048 220 1071 de
232 1048 352 1076 Nortone,
368 1048 413 1078 (1111
430 1048 545 1078 sequitur
562 1050 616 1077 etc„
630 1051 655 1071 et
667 1048 773 1079 predicti
785 1049 988 1077 Archidiaconu3‚
1002 1052 1057 1077 ete,
1069 1056 1113 1078 per
1130 1048 1253 1071 Thomam

188 1080 220 1103 de
239 1080 334 1110 Shawe,
352 1083 409 1108 etc„
428 1081 543 1104 similiter
565 1084 695 1105 venerunt.
731 1082 766 1104 Et
789 1082 864 1104 datus
887 1084 926 1104 est
946 1081 980 1104 eis
1001 1081 1054 1104 dies
1074 1089 1088 1104 a
1106 1080 1147 1104 die
1167 1080 1253 1104 Sancti

187 1113 315 1136 Michaelis
335 1113 361 1136 in
380 1120 414 1137 xv
432 1113 491 1142 dies,
510 1114 682 1137 etc—Postea
697 1122 711 1137 a
729 1114 769 1137 die
788 1114 874 1138 Sancti
892 1114 1027 1143 Michaelis,
1044 1121 1077 1137 xv
1097 1113 1157 1142 dies,
1178 1113 1252 1136 Anno

187 1146 266 1176 Regni
277 1146 351 1176 Regis
360 1154 427 1169 nunc
437 1146 570 1169 undecimo
582 1145 675 1177 [1317],
688 1147 816 1177 predictus
824 1147 952 1170 Johannes
961 1147 993 1170 de
1000 1147 1113 1170 Nortone
1126 1165 1130 1169 .
1144 1165 1149 1169 .
1164 1164 1168 1169 .
1182 1146 1253 1169 venit

186 1180 213 1202 et
224 1179 331 1209 predicti
342 1179 545 1207 Archidiaconus,
558 1181 604 1203 etc.
623 1198 628 1203 .
649 1196 654 1201 .
675 1198 679 1203 .
698 1182 829 1209 venerunt,
843 1182 869 1203 et
881 1180 955 1202 datus
971 1181 1010 1202 est
1023 1181 1069 1202 etc.
1083 1187 1097 1202 a
1111 1178 1151 1202 die
1167 1178 1253 1202 Sancti

188 1211 294 1240 Hillarii,
311 1213 367 1239 etc.‚
385 1211 459 1235 salvis
477 1212 626 1241 racionibus,
646 1214 690 1235 etc.
733 1213 774 1235 Ad
793 1220 869 1242 quem
889 1212 956 1235 diem
976 1212 1104 1242 predictus
1124 1211 1252 1235 Johannes

188 1246 242 1273 etc.,
266 1246 397 1273 venerunt,
419 1247 445 1267 et
468 1245 543 1268 datus
563 1247 601 1268 est
620 1245 654 1268 eis
677 1245 730 1268 dies
753 1253 766 1268 a
787 1245 834 1268 Die
857 1245 950 1268 Pasche
968 1245 995 1268 in
1018 1247 1069 1268 tres
1092 1244 1252 1275 septimanas,

187 1279 233 1300 etc.
268 1277 310 1300 Ad
328 1284 404 1307 quem
424 1277 491 1300 diem
509 1277 637 1307 predictus
660 1277 788 1301 Johannes
808 1278 838 1300 de
857 1278 978 1306 Nortone,
999 1280 1054 1306 etc„
1075 1279 1207 1306 venerunt,
1227 1279 1253 1300 et

188 1309 263 1333 datus
284 1312 322 1333 est
342 1310 376 1333 eis
397 1310 449 1333 dies
468 1310 495 1332 111
517 1310 617 1333 Octabis
636 1310 721 1333 Sancti
742 1310 864 1333 Johannis
884 1310 1005 1340 Baptiste,
1024 1312 1070 1333 etc.
1112 1310 1153 1333 Ad
1176 1317 1252 1340 quem

187 1342 255 1365 diem
275 1342 397 1365 Ricardus
416 1343 446 1365 de
464 1342 584 1371 Nortone,
603 1345 650 1366 etc.
671 1346 803 1370 venerunt,
825 1345 852 1366 et
872 1343 947 1366 datus
967 1345 1012 1370 est,
1029 1345 1084 1371 etc„
1102 1342 1129 1365 in
1150 1342 1252 1366 Octabis

188 1375 274 1399 Sancti
291 1375 427 1403 Michaelis,
443 1378 487 1399 etc.
523 1376 563 1398 Ad
579 1383 653 1406 quen]
672 1376 739 1398 diem
756 1376 884 1406 predictus
902 1376 1031 1405 Ricardus,
1048 1377 1103 1405 etc„
1120 1377 1251 1404 venerunt,

187 1410 241 1437 etc„
255 1410 281 1431 et
295 1408 369 1431 datus
382 1410 429 1431 etc.
442 1408 468 1431 in
483 1408 584 1431 Octabis
600 1408 686 1431 Sancti
699 1408 805 1437 Hillarii,
819 1411 864 1432 etc.
900 1408 940 1431 Ad
955 1416 1030 1438 quem
1047 1408 1114 1431 diem
1125 1408 1208 1431 Adam
1221 1408 1252 1431 de

188 1440 325 1471 Fyncham,
338 1441 382 1471 qui
394 1441 509 1471 sequitur
524 1449 569 1471 pro
587 1441 660 1471 Rege,
674 1443 719 1464 etc.
735 1458 740 1463 .
761 1459 767 1465 .
785 1444 917 1470 venerunt,
930 1443 956 1464 et
972 1441 1046 1464 clatus
1064 1443 1103 1464 est
1120 1440 1154 1464 eis
1170 1440 1222 1463 dies
1238 1448 1253 1463 a.

188 1473 235 1496 Die
256 1473 356 1502 Pasche,
376 1475 420 1497 etc.
457 1473 554 1502 Postea,
573 1474 720 1497 continuato
737 1474 796 1497 inde
814 1474 933 1497 Processu
950 1481 1032 1504 usque
1048 1473 1074 1496 in
1093 1473 1252 1502 Quindenam

187 1506 279 1529 Sancte
290 1506 429 1535 Trinitatis,
439 1506 513 1529 Anno
526 1506 613 1536 Regni,
626 1508 681 1535 etc.,
694 1506 842 1530 duodecimo
858 1505 952 1537 [1319],
965 1509 1011 1530 etc.
1026 1515 1031 1536 3
1049 1506 1081 1529 ad
1097 1514 1173 1536 quem
1185 1505 1252 1529 diem

187 1539 315 1569 predictus
324 1538 414 1567 Adam,
424 1541 451 1562 et
459 1539 566 1569 predicti
575 1539 779 1568 Archidiaconus,
789 1542 844 1569 etc,
853 1541 984 1568 venerunt,
996 1541 1022 1562 et
1033 1539 1161 1569 quesitum
1173 1540 1212 1561 est
1221 1538 1253 1561 ab

187 1571 222 1594 eis
235 1571 256 1594 si
267 1571 363 1602 aliquid
374 1571 481 1595 ulterius
493 1571 574 1594 dicere
588 1572 667 1595 velint
679 1580 723 1601 pro
740 1572 813 1595 Parte
829 1580 881 1601 sua,
894 1574 949 1601 etc„
962 1579 1038 1602 quam
1050 1571 1119 1602 prius
1131 1571 1253 1594 dixerunt

187 1606 233 1627 etc.
246 1612 252 1633 ;
270 1604 321 1634 qui,
334 1604 444 1634 quidem,
457 1604 654 1627 Archidiaconus
666 1605 734 1633 dicit,
748 1607 778 1627 ut
794 1605 871 1635 prius,
884 1605 951 1634 quod
964 1604 1074 1628 Ecclesia
1085 1604 1116 1627 de
1128 1604 1251 1627 Boseham

187 1638 232 1666 est,
246 1638 293 1660 etc.
311 1637 349 1666 (ut
360 1636 453 1666 supra).
492 1637 567 1666 Dicit,
580 1637 689 1667 insuper,
703 1637 771 1667 quod
784 1637 895 1668 predicta
908 1637 1025 1666 Ecclesia,
1038 1645 1114 1667 quam
1126 1636 1251 1660 Dominus

187 1669 241 1692 Rex
253 1669 314 1693 dicit
326 1677 378 1692 esse
392 1669 518 1700 Capellam
527 1677 599 1692 suam
612 1670 735 1699 Liberam,
745 1678 795 1693 non
808 1672 846 1693 est
857 1670 883 1693 in
893 1670 1046 1700 possessione
1054 1669 1156 1693 Domini
1169 1669 1250 1699 Regis,

186 1702 264 1725 immo
281 1702 307 1725 in
319 1702 472 1732 possessione
488 1702 604 1732 Episcopi
617 1702 771 1731 Exoniensis,
784 1702 840 1733 jure
852 1705 973 1733 perpetuo
990 1702 1098 1726 Ecclesie
1110 1709 1154 1725 sue
1167 1702 1250 1725 Exon-

186 1734 268 1764 iensis,
287 1735 332 1765 qui
347 1734 451 1765 quidem
469 1735 607 1765 Episcopus
626 1737 664 1758 est
684 1735 808 1758 Patronus
829 1735 950 1765 ejusdem,
969 1737 994 1758 et
1010 1735 1055 1758 dat
1068 1734 1211 1758 Prebendas
1224 1734 1251 1757 in

186 1768 280 1796 eadem,
292 1769 338 1790 etc.
360 1767 408 1790 Per
417 1768 485 1797 quod
495 1767 556 1791 dicit
566 1768 633 1798 quod
644 1768 697 1798 ipse
709 1776 759 1791 non
771 1770 810 1791 est
822 1770 990 1798 transgressus
1002 1775 1059 1797 erga
1070 1767 1154 1798 ipsum
1164 1767 1249 1790 Domi-

185 1807 247 1823 num
260 1800 353 1830 Regem
365 1800 391 1823 in
409 1800 500 1830 aliquo,
513 1802 567 1829 etc„
581 1808 609 1823 eo
621 1801 689 1831 quod
700 1800 752 1830 ipse
768 1800 844 1823 nichil
858 1800 927 1823 aliud
944 1800 1004 1823 fecit
1019 1800 1067 1823 nisi
1085 1800 1153 1830 quod
1170 1799 1250 1823 Juris-

184 1832 322 1856 diccionem
343 1832 499 1856 Ordinariam
517 1833 636 1862 exercuit,
653 1835 729 1863 prout
744 1833 928 1863 predecessores
948 1833 988 1856 sui
999 1833 1120 1861 fecerunt,
1134 1834 1179 1856 etc.
1215 1832 1251 1855 Et

184 1865 312 1895 predictus
324 1865 406 1888 Adam
419 1865 463 1895 qui
475 1866 590 1895 sequitur
601 1868 655 1894 etc„
666 1865 728 1888 (licit
740 1866 814 1895 quod,
828 1873 886 1888 cum
898 1865 1003 1896 predicti
1015 1865 1212 1888 Archidiaconus
1224 1867 1250 1888 et

184 1897 239 1928 ejus
250 1897 365 1921 Officialis
377 1898 492 1928 superius
503 1898 574 1928 alleg
573 1906 597 1921 11
599 1898 620 1920 it
632 1898 769 1928 predictam
791 1898 926 1921 Ecclesiam
945 1898 975 1921 de
991 1898 1114 1921 Boseham
1127 1905 1178 1920 esse
1190 1897 1248 1920 Par-

183 1930 303 1953 ochialem
313 1932 339 1953 et
348 1930 479 1953 animabus
488 1933 608 1959 curatam,
619 1933 645 1953 et
654 1931 737 1960 quod*
730 1938 790 1961 lpse,
798 1933 824 1954 et
836 1931 1019 1961 predecessores
1028 1931 1067 1953 sui
1074 1931 1110 1953 Ax
1111 1930 1249 1953 ch1d1aeon1

184 1962 465 1991 etc„J11risdieeionen1
483 1963 639 1986 Ordinmiim
657 1963 710 1986 sine
724 1963 909 1993 intenupcione
925 1965 1091 1986 exercuerunt
1108 1963 1134 1986 in
1150 1963 1246 1992 eadem,

184 1997 210 2018 et
222 2003 272 2018 non
284 1995 310 2018 in
323 1997 498 2026 contemptum
513 1996 594 2026 Regis,
608 1998 673 2025 etc,
692 1998 717 2019 et
734 1996 809 2019 modo
824 1998 940 2019 asseiunt
956 1996 1094 2026 predictam
1112 1995 1248 2019 Ecclesiam

84 2100 92 2115 ¹
111 2101 175 2132 “per
194 2102 304 2132 patriam
327 2108 351 2124 se
372 2100 500 2131 defendere
513 2114 545 2119 -—
560 2109 639 2132 genus
722 2101 817 2132 judicio
845 2101 926 2126 totius
954 2101 1044 2133 patriae
1067 2109 1094 2125 se
1116 2100 1248 2126 submittit

116 2134 268 2158 defensionis
292 2141 342 2166 qua
367 2136 498 2159 accusatus
520 2134 561 2158 vel
583 2142 640 2159 reus
723 2134 860 2166 (D‘Arnz's).
