1328 2295
439 181 621 208 GENERAL
647 181 783 208 INDEX.
1121 172 1192 208 379

155 257 186 279 In
205 257 288 280 uisicw
299 271 327 274 -

126 264 243 309 Hernicus
256 287 282 309 Bi
289 275 375 310 yDerte.
524 286 627 309 Thomas
639 286 756 315 Gaiewey.
899 288 1017 310 Henricus
1028 287 1136 309 Persona.

126 316 267 339 Benedictus
279 317 307 338 de
319 317 402 339 Fonte.
525 316 626 339 Thomas
638 317 666 338 de
678 317 775 339 Cnmbe.
898 317 1004 346 Rogerus
1015 317 1102 345 Cosyn.

126 345 245 374 Edwynus
256 346 284 368 (le
296 346 438 375 Todewylle.
526 346 643 368 Henricus
652 346 680 368 de
690 346 819 369 Obbeliam.
899 347 1034 369 Willelmus
1046 346 1164 374 Galewey.

127 375 260 397 Willelmus
272 376 360 398 Talloc.
526 375 645 397 Walterus
663 376 760 400 Barone.
898 375 1190 403 EtRieardusbiDerte,—

127 404 178 432 Qui,
190 405 273 433 jurati,
286 405 369 427 dicunt
379 405 444 433 quod
455 405 479 427 in
491 405 596 427 Manerio
608 405 714 433 predicto
725 407 782 427 sunt
794 405 822 427 de
834 406 930 428 redditu
941 406 1023 434 assiso,
1036 405 1149 428 solvendo
1160 404 1190 427 ad

127 434 174 456 tres
200 434 330 462 'l'erminos,
354 435 421 463 xlez'.
465 435 496 457 Et
522 435 550 456 de
577 435 672 456 redditu
697 436 744 457 tem
749 442 804 463 pore
830 435 939 464 Magistri
966 435 1063 457 Henrici
1084 434 1187 462 Bollecg,

126 465 279 491 augmentato
291 464 320 486 de
331 465 399 486 terris
411 464 486 492 captis
494 464 613 493 quondam
621 464 649 486 de
657 464 776 486 dominico
785 466 808 486 et
819 465 910 487 tenuris
917 465 966 487 suis
977 464 1104 493 adjunctis,
1115 463 1187 492 xiiijs.

127 493 193 520 viijzl.
218 493 248 515 Et
257 493 286 515 de
293 493 388 516 redditu
395 494 476 521 assisa,
486 493 598 515 solvendo
606 494 629 515 in
638 494 708 516 Festo
716 493 795 516 Sancti
802 494 920 516 Johannis
928 494 1044 523 Baptiste,
1053 494 1080 516 IS.
1104 492 1189 515 Auxil-

127 522 177 544 ium
188 522 289 545 nullum.
313 523 381 550 Item,
393 523 422 545 de
429 524 481 545 toto
491 523 603 550 ManeriO,
614 530 657 551 pro
666 523 770 545 serviciis
778 523 911 546 relaxandis
920 524 959 552 viij
964 524 990 546 ci.
1001 524 1048 552 ijs.,
1075 529 1119 545 uos
1127 522 1188 545 duos

128 551 215 574 solidos
225 552 308 574 dicunt
319 552 424 575 indebite
435 553 532 575 levatos.
561 552 706 580 Chevagium
718 559 752 575 xs.
762 553 792 574 ad
802 553 889 578 minus,
917 553 971 575 Duo
982 553 1069 575 molen(
1078 552 1125 580 ina,
1135 558 1190 574 cum

125 581 232 610 piscaria,
245 581 325 604 valent
335 589 350 604 x
368 589 457 604 marcas
476 582 605 604 annuatim.
640 582 737 604 Decima
753 585 879 610 garbarum
894 583 972 605 tocius
989 582 1101 605 Parochie
1117 581 1188 609 valet,

126 611 290 633 communibus
302 611 375 639 annis,
385 612 458 633 xxxlz'.
494 612 546 633 Due
558 618 639 633 carnee
650 611 674 633 in
683 611 801 633 dominico
810 612 887 634 valent
899 612 927 634 de
939 613 1002 635 certo
1012 612 1057 634 Ixs.
1090 611 1189 634 Pratum

127 647 179 662 cum
191 640 296 669 gardino,
310 648 360 663 xxs.
394 641 555 669 perquisitum
568 641 637 663 Cui-ie
649 641 781 663 confinibus
796 643 912 664 terrarum
924 641 967 665 lxs.
981 648 1022 670 per
1033 648 1121 663 annum
1132 648 1137 663 ⁴.
1153 641 1190 663 Set

125 669 208 691 dicunt
218 670 282 699 quod
294 670 375 692 ballivi
387 671 501 699 presentis
514 670 620 692 Firinarii
633 670 704 692 duros
716 677 739 692 se
751 670 864 693 exhibent
879 672 904 693 in
920 671 1007 693 finibus
1023 677 1067 700 pro
1082 671 1190 699 ingressu

125 701 241 721 terrarum
252 700 366 728 faciendo,
377 701 401 721 in
413 701 507 722 tantum
517 700 580 728 quod
592 700 749 728 ingredientes
760 700 899 728 hujusmodi
907 702 980 723 terras
988 701 1023 723 ita
1034 700 1188 729 subpeditan-

125 730 165 751 tur
172 729 235 757 quod
246 736 367 758 nunquam
379 736 497 758 resurgere
508 730 629 758 poterunt,
640 729 682 751 ubi
694 729 751 751 fines
762 730 821 752 tales
833 730 1094 758 pereonsideracionem
1103 728 1188 752 Hund-

125 758 175 780 redi
186 758 294 781 solebant
304 759 389 781 taxari.
422 759 519 786 Dicunt,
533 759 613 787 eciam,
627 759 691 787 quod
707 759 762 781 talis
773 760 896 782 consuevit
907 767 957 782 esse
968 759 1115 782 consuetudo
1126 759 1189 781 inter

126 794 173 815 eos,
184 788 255 817 quod,
269 788 288 810 si
300 788 386 817 aliquis
398 790 523 810 extraneus
532 788 610 810 finiret
622 789 676 817 plus
686 789 802 810 offerendo
814 796 856 817 pro
868 789 948 818 aliqua
959 791 1021 812 terra
1031 788 1147 816 habenda,
1158 787 1188 810 ad

125 818 284 839 exclusionem
302 819 350 839 veri
366 818 466 845 heredis,
480 819 504 840 et
522 818 659 846 peccuniam
677 825 744 840 suam
757 818 859 840 Domino
877 819 986 846 solveret,
999 819 1062 841 idem
1074 818 1191 840 Dominus

125 847 261 876 peccuniam
269 847 343 875 illam,
353 848 386 869 sic
398 847 420 869 in
428 847 534 869 fraudent
542 847 634 869 heredis
642 847 754 875 oblatam,
763 850 843 876 posset
855 848 927 870 libere
938 848 1045 876 retinere,
1059 849 1083 870 et
1093 847 1192 870 nichilo-

126 877 203 898 minus
215 883 283 898 verus
295 877 361 899 heres
372 878 458 899 terram
469 884 536 899 suam
548 884 691 905 recuperare.
726 877 822 905 Dicunt,
833 878 914 906 eciam,
925 878 997 907 quod,
1006 885 1061 900 cum
1070 877 1190 899 Henricus

125 906 188 928 filius
199 906 331 934 Schazeloc,
344 907 421 928 minor
432 907 506 934 annis,
521 906 635 928 linivisset
652 913 694 935 per
712 907 800 929 amicos
816 914 872 929 suos
884 914 926 936 pro
937 909 1000 930 terra
1015 907 1090 936 patris
1101 906 1138 928 sui
1149 906 1189 928 de-

125 936 202 957 functi
212 935 321 958 habenda
332 937 355 958 et
366 936 474 963 tenenda,
488 943 541 958 cum
554 936 582 958 ad
594 937 681 958 etatem
693 936 823 964 legitimam
832 937 976 965 pervenisset
984 938 1091 966 tempore
1103 936 1190 964 Magis-

126 965 260 987 triHenrici
269 965 297 987 de
306 965 392 994 Bollee,
405 966 478 988 frater
488 965 618 993 Jolmnnes,
631 973 693 987 nunc
705 966 858 994 Senescallus,
871 973 918 988 non
929 967 1040 989 obstante
1050 965 1189 995 hujusmodi

126 994 178 1022 fine,
199 1001 245 1016 non
263 995 382 1023 permittit
400 995 464 1024 quod
481 995 560 1017 dictus
580 995 702 1023 Henricus,
715 1002 777 1017 nune
793 996 869 1024 major
879 998 903 1018 et
916 996 1002 1018 habilis
1019 996 1048 1018 ad
1059 995 1190 1018 tenendum

125 1026 211 1046 terram
223 1024 296 1052 illam,
309 1026 389 1047 teneat
400 1031 450 1046 eam
462 1032 467 1052 3
485 1027 521 1046 set
532 1025 595 1053 cepit
606 1032 657 1046 eam
672 1025 696 1046 in
708 1032 791 1047 manns
803 1026 906 1053 Domini,
920 1027 944 1048 et
952 1027 1017 1048 tenet
1025 1026 1060 1047 ita
1067 1025 1132 1054 quod
1140 1031 1188 1047 non

126 1055 205 1082 potest
226 1054 320 1081 intrare,
343 1054 388 1076 nisi
409 1061 498 1076 novum
524 1055 594 1076 finem
621 1055 708 1076 fecerit
756 1055 913 1082 Perqnisitum
935 1055 1042 1084 Capituli
1062 1055 1126 1077 valet
1146 1061 1189 1083 per

125 1090 212 1105 annum
233 1090 266 1106 xs.
302 1084 370 1111 Item,
389 1084 472 1106 dicunt
494 1084 558 1112 quod
578 1084 666 1111 nullus,
684 1084 778 1106 nomine
798 1085 901 1112 Domini,
920 1084 1027 1107 defendit
1047 1091 1087 1106 eos
1108 1090 1190 1106 versus

125 1114 255 1141 extraneos,
269 1113 312 1135 nisi
325 1114 442 1141 quatenus
454 1113 550 1142 quidam
570 1113 664 1141 juvenis
681 1113 787 1141 clericus,
800 1114 841 1142 qui
858 1115 936 1136 minus
947 1115 1022 1142 novit,
1035 1114 1098 1136 sicut
1108 1114 1188 1142 potest

125 1149 164 1164 eos
181 1142 293 1164 defendit.
327 1143 395 1170 Item,
415 1143 545 1165 ostendunt
562 1143 626 1171 quod
644 1143 726 1164 ballivi
746 1143 854 1166 Firmarii
871 1145 1017 1172 occuparunt
1032 1143 1095 1165 bona
1113 1143 1186 1165 trium

125 1172 238 1199 selonuin,
251 1172 361 1194 estimata
371 1172 401 1194 ad
412 1172 455 1194 ixs.
470 1172 536 1201 viijcl.
550 1172 593 1199 ob„
603 1179 649 1201 que
660 1172 772 1194 deberent
783 1180 832 1195 esse
844 1174 868 1195 in
880 1173 990 1196 manibus
1001 1173 1134 1195 decennarii
1144 1179 1188 1201 pro

126 1201 257 1223 Hundredo
283 1202 439 1230 acquietando
465 1202 489 1223 in
516 1202 603 1224 Itinere
629 1202 829 1224 Justieiariorum.
873 1203 941 1230 Item,
969 1203 1056 1225 diversi
1081 1203 1189 1225 tenentes

125 1231 260 1253 habuerunt
276 1231 337 1253 bona
354 1231 378 1253 in
390 1231 497 1253 custodia
508 1231 560 1253 Ade
571 1231 717 1259 Gardeboym
730 1232 795 1253 tercii
815 1232 897 1254 solonis
916 1232 1035 1254 dictorum
1051 1232 1133 1260 trium,
1146 1232 1188 1260 qui

126 1260 187 1289 fugit
198 1262 295 1289 propter
306 1261 456 1283 latrocinium
464 1261 616 1282 commissum
626 1268 631 1288 ;
644 1262 667 1282 et
678 1268 730 1282 cum
743 1262 880 1289 probassent
892 1262 1061 1291 proprietatem
1069 1262 1188 1284 dictorum

125 1289 240 1311 bonorum
260 1297 356 1312 suorum
374 1297 450 1312 coram
469 1290 563 1312 ballivis
582 1290 640 1312 dicti
652 1291 768 1318 Firmarii,
782 1292 862 1319 frater,
880 1293 967 1320 tamen,
980 1291 996 1314 J
999 1291 1112 1319 ohannes,
1123 1298 1187 1313 nunc

125 1319 228 1341 ballivus
239 1326 286 1341 non
297 1319 351 1342 vult
362 1320 395 1341 eis
406 1320 488 1342 eadem
500 1320 561 1342 bona
575 1320 706 1342 restituere.
741 1320 810 1348 Item,
823 1321 902 1343 dictus
913 1321 986 1343 frater
996 1321 1085 1349 injuste
1096 1321 1188 1343 detinet

124 1349 209 1371 catalla
226 1350 300 1371 trium
319 1356 447 1378 puerorum
465 1349 563 1371 Martini
582 1349 611 1371 de
632 1349 758 1377 Forsdone,
779 1350 875 1372 inventa
894 1357 947 1373 cum
965 1351 980 1373 J
983 1350 1075 1373 ohanne
1093 1350 1187 1372 Trenda

124 1378 255 1407 interfecto,
268 1379 323 1401 licet
341 1379 470 1401 Firmarius
487 1379 508 1401 ei
525 1379 605 1407 sepius
624 1379 754 1407 injunxerit
773 1380 837 1408 quod
856 1386 883 1402 ea
900 1380 1050 1409 restitueret;
1067 1380 1186 1408 videlicet,

124 1415 164 1429 sex
176 1409 292 1434 animalia,
307 1408 323 1437 ij
336 1408 432 1436 vitulos,
446 1415 476 1430 xv
488 1415 550 1436 oves,
564 1409 579 1437 ij
592 1409 700 1430 examina
711 1415 791 1437 apum,
805 1411 828 1431 et
844 1411 923 1431 totum
935 1409 1032 1432 bladum
1043 1416 1147 1431 crescens
1162 1409 1187 1431 in

123 1437 222 1459 dimidio
233 1438 339 1466 ferlyngo
350 1439 418 1460 terre.
453 1438 549 1465 Dicunt,
562 1438 643 1465 eciam,
657 1438 721 1466 quod
731 1438 842 1467 Magister
853 1439 964 1467 Thomas,
974 1446 1037 1461 nunc
1047 1439 1185 1467 Firmarhrs,

124 1467 208 1489 habuit
227 1467 255 1489 de
273 1468 341 1489 bonis
361 1467 469 1496 Magistri
489 1468 595 1495 Henrici,
618 1469 788 1496 predecessoris
805 1469 849 1496 sui,
868 1475 911 1497 pro
929 1469 1062 1491 defectibus
1080 1470 1187 1497 tempore

124 1497 206 1518 mortis
218 1503 259 1519 sue
270 1497 294 1518 in
306 1497 419 1524 Manerio,
433 1497 457 1519 in
470 1497 588 1524 domibus,
605 1497 689 1524 boscis,
707 1497 856 1525 molendinis,
870 1498 963 1526 clausis,
977 1500 1001 1521 et
1011 1498 1064 1520 aliis
1075 1498 1185 1526 inventis,

124 1526 283 1554 emendandis,
293 1527 361 1549 xixh'.
371 1528 394 1548 et
402 1527 467 1555 iiijs.,
475 1533 533 1555 quas
541 1527 653 1555 expendit
660 1527 768 1549 totaliter
774 1528 798 1549 in
805 1527 916 1550 domibus
923 1528 1064 1550 constructis
1072 1529 1096 1550 et
1102 1528 1155 1550 aliis
1163 1528 1187 1550 in

125 1555 229 1577 Mancrio
245 1556 383 1581 emendatis,
398 1557 422 1578 et
435 1556 575 1578 tantundem
591 1556 619 1578 de
634 1563 686 1584 suo,
701 1556 738 1578 vel
753 1556 822 1579 ultra.
853 1557 923 1585 Item,
938 1557 1021 1579 dicunt
1035 1557 1100 1586 quod
1117 1558 1186 1579 vetus

124 1592 215 1607 camera
224 1592 251 1607 ex
259 1587 326 1614 parte
336 1585 450 1607 Orientali
458 1586 519 1607 Aule
528 1587 564 1607 est
575 1586 670 1614 penitus
682 1586 784 1613 ruinosa,
795 1593 837 1608 nec
848 1593 889 1615 per
900 1587 978 1609 miuus
984 1587 1073 1615 poterit
1084 1587 1188 1616 reparari

124 1621 194 1643 quam
206 1622 237 1637 xx
247 1622 343 1637 marcas.
377 1615 446 1642 Item,
455 1615 562 1637 defectus
570 1616 664 1643 grangic
674 1615 831 1638 Occidentalis
838 1616 965 1638 estimatur
973 1616 1026 1638 adv
1033 1623 1132 1644 marcas,
1140 1623 1187 1645 que

123 1651 165 1672 per
180 1644 256 1666 dictos
272 1646 384 1673 sumptus
400 1645 474 1666 stabit
490 1651 532 1673 per
548 1651 562 1666 x
579 1651 658 1666 annos.
693 1645 723 1666 Et
734 1646 846 1667 estimant
862 1646 1035 1674 reparaeionem
1049 1646 1113 1668 muri
1124 1646 1187 1668 intra

124 1675 215 1702 portam
226 1676 249 1696 et
261 1674 378 1696 boveriam
388 1681 422 1696 xs.
466 1674 562 1701 Dicunt,
573 1675 654 1701 eciam,
664 1674 728 1702 quod
737 1674 843 1697 homines
853 1675 960 1703 Manerii,
970 1677 1050 1704 preter
1056 1675 1185 1704 quoterios,

124 1703 210 1725 debent
220 1703 254 1725 bis
264 1705 350 1725 metere
359 1704 383 1725 in
392 1705 533 1732 autumpno,
544 1704 574 1725 ad
582 1704 711 1725 corredium
722 1704 825 1732 Domini,
835 1706 858 1726 et
865 1705 983 1727 sexdecim
990 1705 1065 1727 nativi
1073 1706 1096 1727 et
1104 1705 1187 1727 coterii

124 1732 210 1754 debent
229 1733 337 1761 colligere
353 1733 433 1754 fenum
450 1733 575 1761 cujusdam
592 1734 653 1762 prati
670 1734 734 1762 quod
751 1735 849 1756 vocatur
866 1734 1032 1763 Poulismede3
1050 1736 1072 1756 et
1084 1734 1187 1763 quilibet

125 1769 204 1784 eorum
217 1762 315 1784 habebit
331 1769 405 1784 unum
417 1763 580 1791 quadrantem.
615 1763 711 1791 Coterii,
730 1770 791 1791 vero,
811 1764 899 1786 dehent
910 1764 981 1786 semel
992 1765 1087 1786 tantum
1099 1766 1186 1786 metere

124 1792 149 1813 in
159 1793 299 1820 autumpno.
333 1792 364 1814 Et
375 1792 458 1814 dieunt
469 1792 533 1820 quod
544 1793 653 1814 Vicarins
664 1799 710 1814 non
722 1792 792 1815 debet
803 1792 888 1815 habere
900 1793 991 1816 virbote
1002 1795 1026 1815 et
1037 1793 1150 1821 liayhotel
1162 1794 1187 1815 in

124 1821 194 1843 bosco
214 1821 317 1850 Domini,
338 1822 383 1843 nisi
403 1828 431 1844 ex
450 1822 528 1850 gracia
546 1822 755 1844 Domini—Arest.
775 1822 803 1850 as
821 1823 858 1845 tlze
875 1823 906 1846 D.
925 1823 976 1845 (md
994 1823 1029 1852 O.‚
1052 1823 1099 1846 No.
1118 1823 1185 1852 3673,

122 1859 144 1880 p.
159 1851 204 1881 24].

96 1889 277 1912 IL-—Visitacio
290 1889 391 1911 Eeclesie
409 1889 437 1911 de
450 1889 597 1917 siam-tone,
616 1889 678 1911 facta
694 1889 782 1911 ibidem
794 1896 836 1918 per
847 1890 976 1912 Dominum
988 1890 1129 1919 Walter-um,
1143 1890 1188 1913 Dei

125 1919 202 1947 gracia
210 1918 364 1940 Exoniensem
374 1919 527 1947 Episcopum,
536 1919 613 1947 primo
627 1919 664 1940 die
676 1919 762 1941 mensis
770 1919 867 1948 Aprilis,
877 1920 946 1942 Anno
956 1920 1053 1942 Domini
1060 1920 1189 1942 Millesinio

125 1948 225 1970 CCCmo.
239 1948 417 1976 quartodecimo
428 1955 432 1973 ;
450 1948 473 1969 in
486 1955 533 1976 qua
544 1948 722 1976 reperiebant-ur
732 1948 838 1971 defectus
849 1949 1035 1978 subsequentem
1047 1950 1187 1972 videlicet—

125 1977 275 2000 Vestimenta
286 1977 413 1999 Festivalia
423 1977 598 1999 insufficiencia.
624 1978 689 1999 Pixis
701 1978 835 2000 Eukaristie
843 1979 892 2001 sine
900 1985 986 2001 serura.
1013 1979 1100 2001 Omnes
1112 1979 1187 2001 tualle

125 2007 174 2029 sine
181 2007 281 2036 paruris.
308 2007 395 2029 Velum
404 2007 609 2035 Quadragesimale
617 2007 766 2030 insufficiens.
793 2008 889 2030 Missale
897 2008 992 2037 falsum,
1003 2008 1058 2031 licet
1066 2009 1185 2037 pulcrum.

125 2037 304 2058 Crismatorium
316 2036 420 2064 lignenm
437 2037 579 2058 insufficiens
596 2036 621 2058 et
636 2037 686 2058 sine
705 2044 792 2059 sei-ura.
828 2037 928 2060 Nullum
946 2045 987 2060 vas
1004 2038 1034 2060 ad
1051 2038 1185 2061 Incensum.

124 2066 196 2088 Deest
208 2066 299 2094 Ymago
312 2066 379 2088 Beati
392 2066 468 2093 Pauli,
478 2066 518 2094 qni
531 2067 566 2088 est
574 2066 690 2088 Patronus
702 2067 811 2089 Ecclesie.
838 2067 960 2090 Cancellus
972 2068 1042 2089 nimis
1054 2068 1151 2090 strictus
1162 2068 1186 2089 et

35 2127 43 2142 ¹
65 2127 153 2150 Visrhote
171 2127 217 2157 (ie.
239 2127 401 2155 “firebote'’),
422 2127 491 2149 wood
502 2127 540 2149 sor
559 2127 623 2149 fuel:
641 2127 745 2156 hceybote,
762 2127 830 2150 wood
847 2128 884 2150 for
903 2128 1007 2157 hedging
1028 2128 1074 2151 and
1094 2128 1188 2157 fencing

62 2156 142 2186 (haya,
156 2164 169 2179 a
180 2157 271 2205 ¹¹{dg⁰)·

180 2198 201 2222 Z
