1328 2295
100 160 171 193 354
291 170 363 195 THE
386 169 570 196 REGISTER
596 169 643 194 or
669 168 806 195 BISHOP
833 167 1067 194 srAPELDON.

160 244 387 274 Ircn,-Johannes
416 246 556 275 Episcopus,
576 246 630 273 etc.,
658 245 688 267 ad
706 245 813 267 futuram
830 244 864 267 rei
880 241 1160 266 memoriam.—Vocatis
1183 240 1260 268 nobis

101 274 246 298 Quartaijoess
256 276 454 298 insufficientibus
466 275 564 303 meritis,
578 275 608 297 ad
620 275 776 303 Apostolatus
788 274 905 301 Officium,
919 274 1029 301 occurrit,
1042 272 1110 302 quasi
1126 270 1259 298 confestim,

101 299 174 343 lfffllla·
190 305 387 328 consideracionis
399 307 479 328 nostre
490 305 628 333 conspectui
640 304 729 327 acerbis
747 304 835 326 infesta
853 303 970 326 molestiis
987 302 1121 332 periculosa
1136 300 1260 327 dissensio,

101 330 179 369 (ᾱξωῐζ-
190 342 261 363 quam
280 336 342 358 inter
360 335 508 357 carissimum
526 335 550 356 in
562 334 657 356 Christo
669 334 746 356 filium
764 335 880 361 nostrum,
902 333 1054 360 Edwardum,
1070 332 1157 360 Regem
1176 329 1261 358 Anglie

102 364 316 394 neuneu-illustrem,
334 366 358 387 et
374 365 487 387 dilectum
504 364 588 391 filium,
603 363 713 386 Nobilem
730 364 816 385 Virum
829 363 961 385 Rohertum
983 362 1012 384 de
1024 362 1093 390 Brus,
1107 363 1226 390 gerentem
1237 365 1262 381 se

101 401 233 424 garumpro
251 395 314 423 Rege
333 394 420 422 Scocie,
438 394 545 416 incentor
564 393 680 415 malorum
707 393 814 415 omnium
841 392 974 419 suscitavit,
999 393 1091 414 amotas
1114 389 1183 412 nobis
1207 395 1263 411 snas

190 424 383 446 circumstancias
404 430 462 452 quas
474 423 617 452 frequenter,
631 423 689 444 dum
708 429 750 444 nos
767 422 845 444 minor
862 423 940 444 status
958 421 1063 449 haberet,
1077 421 1139 443 inter
1155 418 1259 448 pectoris

190 453 295 476 claustra
301 453 452 481 revolvimus,
462 452 654 482 presentandum.
674 452 745 480 Hinc,
754 452 851 480 etenim,
863 458 887 474 se
896 451 1026 473 offerebant
1033 452 1057 473 et
1066 448 1262 477 offeruntinostris

191 483 318 512 optutibus
336 483 533 512 impedimentum
552 482 651 510 proinde
669 481 738 504 facile
754 483 878 509 receptura
889 481 930 510 pia
941 481 984 503 Dei
995 480 1099 509 negocia,
1114 480 1138 502 et
1149 478 1261 507 precipue

190 513 261 535 Terre
278 513 363 535 Sancte
381 513 474 534 deserte
490 511 574 534 incolis
586 511 675 533 Christi
692 511 815 533 Fidelibus
832 511 986 540 ipsorumque
998 510 1114 532 destitute
1125 507 1242 536 suffragiis
1255 514 1261 535 ;

191 543 238 570 cui,
262 542 392 565 Catholicis
408 541 558 570 Principibus
576 541 697 563 distractis
715 541 745 563 ad
766 540 829 563 bella
845 540 940 568 similia,
960 539 1093 562 consolator
1111 537 1198 567 aliquis
1215 543 1262 559 non

192 572 282 594 assistit
294 579 323 594 ex
333 571 442 594 omnibus
454 571 514 593 caris
526 571 575 592 suis
587 578 592 596 z
606 570 660 592 hinc
671 577 695 593 se
707 570 845 599 ingerebant
852 572 876 592 et
885 570 995 598 ingerunt
1006 569 1138 591 animarum
1148 566 1261 597 pericula,

192 601 321 624 Christiani
328 601 450 630 sanguinis
456 608 503 623 non
510 600 568 622 levis·
574 600 664 628 etfrmio,
672 600 753 629 gravia
759 606 838 622 rerum
844 599 976 628 dispendia,
984 600 1007 621 et
1015 599 1101 621 idcirco
1109 597 1177 627 [nou]
1185 596 1262 619 solum

191 631 298 660 ipsorum
317 631 490 653 dissedencium
508 637 653 659 suarumque
671 630 789 658 gencium,
802 631 838 651 set
855 631 879 651 et
890 636 961 658 quam
979 628 1110 658 plurimum
1127 628 1228 650 aliorum
1238 626 1263 647 in

192 661 300 690 ipsorum
312 660 486 689 conjunccione,
500 660 633 688 periculosa
648 659 758 681 turbacio
774 659 863 688 pariter
874 660 897 681 et
910 659 1049 687 dampnosa.
1083 658 1142 685 Hec,
1156 656 1261 686 quidem,

192 691 268 713 nostri
278 691 355 713 cordis
364 691 449 713 intima
457 689 591 717 stimulant,
603 689 744 718 acribusque
757 689 863 711 stimulis
871 690 978 711 nostrum
989 687 1141 716 interpellant
1149 686 1260 712 officium,

192 721 221 742 ut
232 720 262 742 ad
274 720 443 742 occurrendum
456 727 497 748 per
511 720 629 748 oportuna
645 719 749 741 remedia
764 720 831 741 tanto
844 718 973 747 Religionis
985 717 1120 740 Christiane
1131 715 1263 739 discrimini

193 750 265 772 cicius
272 756 422 778 exurgamus.
450 749 615 776 Attendentes,
625 749 705 777 igitur,
717 748 781 777 quod
789 748 819 770 ad
826 755 876 776 nos,
887 748 929 776 qui
938 747 994 770 licet
1002 747 1115 769 immeriti
1124 746 1186 768 vices
1193 744 1264 773 Regis

195 780 289 802 Pacifici
314 780 418 808 gerimus
449 786 476 801 ac
507 778 657 808 plenitudine
685 778 808 806 fungimur
834 777 1006 806 Apostolorum
1036 776 1141 805 Principi
1167 775 1264 803 suisque

104 809 378 832 f01.133.Suceessor-'rbus
400 816 428 831 ex
450 809 507 831 Alto
528 815 645 836 concessa,
665 808 817 836 singulariter
835 808 939 836 pertinet
960 807 983 829 in
1009 806 1141 829 Universali
1160 804 1266 827 Ecclusia

195 841 329 868 cunctaque
341 839 528 867 Congregacione
541 837 659 859 Fidelium
677 838 761 859 Pacem
777 844 882 866 querere,
896 844 922 858 ac
938 836 1015 865 ipsam
1032 836 1108 858 facere
1125 834 1265 863 diligencius

195 869 322 897 observari,
346 868 409 891 iuter·
435 868 541 897 prefatos
568 868 655 895 Regem
678 867 764 895 Anglie
786 868 810 889 et
827 867 953 889 Gerentem
976 872 1000 888 se
1025 872 1069 894 pro
1092 865 1154 893 Rege
1176 864 1264 891 Scocie,

196 898 345 920 Auctoritate
357 898 503 927 Apostolica,
513 899 603 925 trugas,
617 903 719 925 quarum
728 896 796 919 fedus
808 896 942 924 ymaginem
951 895 1017 918 Pacis
1025 895 1126 922 inducit,
1137 894 1264 916 indicimus

196 935 271 957 usque
287 928 318 950 ad
336 928 459 950 biennium
477 927 620 953 duraturas;
637 933 663 948 ac
680 926 704 948 in
720 933 759 948 eos
771 929 795 948 et
806 932 887 948 omnes
899 927 923 948 et
934 925 1039 954 singulos
1050 931 1131 947 eorum
1143 924 1265 952 adjutores

196 959 220 980 et
239 958 374 984 violatores,
393 958 527 986 sequentes,
551 956 704 984 consiliarios,
726 956 860 984 complices,
873 956 897 977 et
918 955 992 977 eciam
1013 954 1159 981 adherentes,
1183 956 1266 982 trugas

197 987 353 1016 infringentes
373 987 409 1009 vel
428 986 609 1015 quomodolibet
624 992 672 1007 non
688 986 816 1013 servantes,
836 984 1096 1007 Excommunicaeionis
1114 983 1264 1006 Sentencialn

197 1017 392 1046 promulgaturi-53
410 1023 457 1038 nou
468 1016 579 1038 obstante
591 1016 610 1037 si
623 1015 681 1044 Regi
692 1017 716 1037 et
728 1015 825 1037 Gerenti
836 1014 950 1043 predictis
962 1015 1006 1036 aut
1017 1014 1075 1043 ipsis
1087 1012 1265 1040 adherentibus,

198 1054 240 1069 seu
257 1046 332 1069 cuivis
352 1046 489 1073 eorundem,
502 1053 515 1067 a
527 1045 585 1067 Sede
597 1045 737 1074 Apostolica
753 1045 784 1067 sit
800 1044 922 1066 indultum
933 1044 998 1073 quod
1009 1042 1208 1066 excommunicari
1219 1048 1265 1064 non

198 1078 303 1106 possent,
317 1078 362 1098 etc.
372 1076 409 1105 (ιιι
420 1076 510 1104 snpra),
545 1075 644 1103 Trugas,
655 1076 743 1102 autem,
753 1076 777 1096 et
787 1074 924 1097 Seutencias
933 1073 1064 1095 antedictas
1076 1080 1089 1095 a
1100 1072 1138 1095 die
1149 1072 1266 1094 notificat-

198 1106 272 1128 cionis
284 1113 325 1128 seu
336 1106 508 1135 publiencionis
526 1105 630 1133 ipsarum
649 1111 720 1126 surun
737 1104 848 1126 effectum
859 1103 970 1125 volumus
988 1103 1102 1132 optinere.
1135 1101 1265 1129 Vassallos,

198 1136 303 1164 insuper,
313 1137 337 1158 et
343 1135 452 1158 subditos
463 1135 533 1163 Regis
544 1136 566 1156 ct
575 1134 684 1156 Gerentis
695 1134 856 1162 predictorum
864 1140 877 1155 a
881 1133 1017 1162 juramento
1025 1131 1167 1160 Fidelitatis,
1177 1138 1224 1160 quo
1234 1131 1267 1153 eis

198 1165 236 1187 vel
258 1165 327 1188 alteri
347 1166 460 1187 tenentur
481 1164 581 1191 astricti,
602 1165 719 1192 quantum
737 1163 767 1185 ad
788 1163 927 1191 hujusmodi
948 1169 1030 1191 guerre
1051 1169 1093 1184 seu
1113 1160 1267 1183 dissensionis

200 1195 336 1222 articulum,
348 1195 410 1217 sicut
419 1195 443 1216 in
453 1194 550 1221 illicitis,
562 1193 595 1215 eis
605 1193 700 1215 obedire
709 1200 756 1215 nou
765 1193 875 1220 debeant,
886 1199 928 1221 per
936 1193 998 1214 idern
1005 1193 1102 1220 tempus
1113 1190 1267 1219 absolvimus,

200 1226 224 1247 et
241 1225 410 1247 nichilominus
425 1224 594 1253 promissiones
605 1225 629 1245 et
641 1223 799 1251 obligaciones
809 1229 855 1251 que
867 1222 929 1244 inter
940 1222 1028 1250 Regem
1040 1223 1064 1244 et
1075 1221 1201 1243 Gerentern
1216 1227 1267 1249 pre-

201 1255 285 1282 dictos,
299 1257 322 1277 ct
341 1261 504 1283 quoscumque
522 1253 588 1280 alios,
610 1259 681 1281 snper
699 1252 755 1274 belli
773 1259 816 1274 seu
833 1252 956 1274 conflictus
972 1251 1085 1280 utrinque
1103 1249 1268 1273 committendi

200 1291 321 1313 processu,
334 1291 422 1306 necnon
442 1283 652 1310 confederaciones,
667 1282 838 1311 collrgaciones,
856 1283 879 1304 ct
897 1281 1028 1310 paceiones,
1046 1287 1092 1309 que
1109 1281 1172 1302 inter·
1188 1279 1268 1308 ipsum

202 1315 288 1342 Regem
297 1315 321 1336 et
329 1314 426 1342 quosvis
438 1313 504 1340 alios,
515 1319 543 1334 ex
555 1319 602 1334 una
613 1313 688 1340 parte,
699 1318 726 1334 ac
736 1311 871 1340 predictum
880 1311 1005 1333 Gerentenr
1013 1312 1037 1333 et
1044 1310 1103 1332 alios
1112 1311 1136 1332 et
1144 1315 1269 1338 quoscum-

201 1351 247 1372 que
264 1350 293 1365 ex
312 1344 393 1371 altera,
417 1343 603 1369 intervenerunt,
618 1349 659 1370 pro
675 1342 728 1370 ipsa
739 1341 840 1363 fovenda
851 1341 976 1368 discordia,
990 1341 1074 1369 utpote
1086 1341 1168 1362 contra
1178 1339 1268 1361 bonum

202 1373 268 1395 Pacis
287 1374 439 1402 presumptas
460 1372 543 1394 illicite
563 1373 587 1393 et
604 1372 768 1400 attemptatas,
789 1371 813 1392 in
833 1371 918 1393 Divine
940 1369 1078 1398 Mag-gestatis
1100 1369 1221 1396 offensam,
1244 1375 1270 1390 ac

200 1409 363 1432 quascumque
376 1409 447 1431 penas
459 1402 563 1430 adjectas
575 1403 597 1422 et
606 1401 743 1429 juramenta
753 1401 855 1429 prestita
870 1407 943 1428 super
953 1400 1008 1428 hiis,
1021 1399 1066 1421 snb
1078 1399 1269 1428 quibuscumque

199 1432 284 1460 forma,
296 1432 376 1460 modo,
389 1432 425 1453 vel
443 1431 592 1459 expressione
610 1430 742 1457 verborum,
756 1430 881 1459 presertim
898 1437 952 1451 curn
966 1429 1131 1458 juramentum
1145 1428 1269 1450 vinculum

201 1462 337 1491 iniqnitatis
348 1469 397 1484 esse
409 1468 456 1483 non
466 1461 559 1488 debeat,
573 1467 602 1482 ex
613 1467 675 1482 nnnc
691 1460 758 1482 nulla
768 1460 915 1481 decernimus
927 1459 984 1486 fore,
997 1460 1021 1481 et
1032 1460 1150 1487 qnatenus
1167 1458 1195 1480 de
1207 1458 1269 1480 sacto

200 1492 357 1520 processerint
365 1491 493 1513 irritamus.
527 1490 603 1517 Nulli,
612 1497 674 1518 ergo,
684 1490 779 1511 omnino
787 1489 911 1511 hominurn
920 1489 990 1511 liceat
997 1489 1057 1510 hanc
1067 1488 1180 1516 Paginam
1189 1489 1268 1509 nostre

200 1519 944 1550 Indiccionis,Promulgacionis,Absolucionis‚ConstitucioniS,
950 1518 1125 1540 etIrritacionis
1134 1517 1268 1546 infringere,

201 1551 238 1573 vel
254 1552 275 1573 ei
289 1558 350 1573 ausu
369 1551 493 1573 temerario
506 1550 632 1571 contraire.
663 1549 688 1571 Si
699 1549 761 1578 quis,
775 1550 863 1576 autem,
876 1548 921 1570 hoc
932 1549 1075 1577 attemptare
1087 1547 1266 1576 presumpserit,

200 1581 389 1609 indignacionem
401 1579 579 1608 Omnipotentis
589 1579 632 1601 Dei
641 1580 665 1601 et
678 1579 807 1601 Beatorum
821 1578 884 1600 Petri
896 1579 919 1600 et
931 1578 1007 1606 Pauli,
1021 1577 1193 1606 Apostolorum
1202 1577 1267 1605 Ejus,

201 1617 226 1632 se
245 1611 337 1633 noverit
354 1608 639 1632 incursurum.—Daturn
655 1608 780 1636 Avinioue,
801 1608 916 1630 Kalendis
936 1607 1001 1636 Maii,
1021 1607 1176 1629 Pontificatus
1195 1606 1269 1628 nostri

201 1640 271 1662 Anno
283 1640 362 1662 Primo
374 1640 397 1669 [1
409 1640 474 1667 May,
488 1638 564 1668 1317]-

172 1670 400 1698 Iram—,Iohannes
420 1669 560 1698 Episcopus,
582 1669 636 1696 eto,
659 1667 797 1695 Gamelino,
814 1668 858 1690 etc,
878 1667 913 1695 (nt
929 1665 1146 1695 schra),—Crescit
1162 1665 1231 1688 facile
1246 1665 1271 1687 in

113 1699 334 1724 Quintainmensum
353 1699 464 1728 inpunita
479 1699 609 1725 temeritas,
629 1704 683 1719 cnm
701 1704 749 1719 nna
766 1697 888 1726 inpunitas
905 1703 990 1719 ausum
1003 1697 1027 1718 in
1038 1696 1091 1718 aliis
1102 1702 1185 1724 parare
1196 1695 1271 1717 soleat

114 1725 181 1745 Bulla
199 1731 223 1751 et
242 1735 315 1751 ansus
334 1736 456 1751 excessum
475 1735 573 1757 persepe
590 1727 715 1756 producat.
750 1727 851 1755 Quante,
866 1728 954 1753 antem,
972 1725 1115 1748 temeritatis
1130 1725 1210 1753 fuerit,
1225 1725 1271 1747 hiis

115 1751 142 1796 {le
150 1751 188 1796 ‘ff‘
198 1758 290 1787 diebns,
307 1759 405 1781 Roberti
416 1758 444 1780 de
457 1758 525 1785 Brus,
540 1759 647 1786 Regnum
659 1757 739 1779 Scocie
750 1763 813 1778 nunc
825 1756 936 1784 regentis,
949 1762 1094 1784 suorumque
1110 1755 1136 1777 in
1147 1755 1191 1777 hac
1202 1756 1270 1783 parte

114 1782 138 1821 ὦ
148 1782 338 1821 essc'complicum
351 1788 463 1810 effrenata
474 1787 633 1816 presumpcio,
647 1793 693 1808 non
713 1786 810 1815 expedit
822 1786 889 1808 vobis
909 1786 979 1814 longo
996 1792 1103 1807 sermone
1115 1786 1227 1812 retexere,
1241 1791 1270 1806 ne

117 1826 182 1846 Inha-
196 1818 279 1840 doctos
290 1818 406 1840 instruere
416 1818 537 1840 videamur
549 1818 591 1839 aut
603 1816 729 1838 cerciorare
742 1816 851 1838 scientes.
886 1815 976 1843 Nostis,
986 1815 1082 1842 etenim,
1095 1814 1157 1837 sicut
1168 1814 1203 1836 illi
1211 1820 1271 1843 quos

115 1848 321 1871 bilitac-evidencia
337 1847 432 1876 palpate
444 1847 550 1869 veritatis
567 1846 689 1874 instruxit,
703 1845 806 1874 qualiter
822 1852 903 1867 aurem
920 1844 1078 1874 prornocionis
1095 1843 1208 1873 auspiciis
1224 1843 1271 1872 piis

112 1877 170 1897 isme-
202 1878 357 1900 accendentes
374 1877 506 1904 affectibus,
536 1877 670 1898 animarum
696 1878 720 1897 et
741 1882 867 1904 corporum
891 1874 998 1903 pericula
1018 1874 1099 1903 gravia
1121 1875 1145 1896 et
1166 1873 1272 1895 inmensa

203 1907 328 1935 dispendia
338 1907 490 1934 facultatum,
500 1913 545 1935 que
558 1906 658 1927 molesta
668 1905 739 1927 nimis
751 1906 774 1927 et
783 1905 914 1933 dampnosa
924 1904 1039 1926 dissensio
1051 1904 1113 1926 inter
1124 1903 1272 1925 carissimum

204 1937 227 1959 in
240 1936 335 1959 Christo
347 1936 433 1958 Filium
451 1937 567 1963 nostrum,
582 1935 734 1962 Edwardum,
747 1934 835 1963 Regem
848 1934 932 1962 Auglie
948 1933 1074 1961 illustrem,
1087 1940 1117 1955 ex
1132 1939 1180 1955 una
1195 1933 1270 1961 parte,

204 1968 228 1988 et
246 1966 380 1995 predictum
401 1966 540 1992 Roberturn,
554 1972 583 1987 ex
602 1965 682 1992 altera,
696 1966 808 1993 pretextu
826 1964 991 1992 occupacionis
1010 1963 1099 1991 injuste
1119 1962 1178 1984 dicti
1196 1962 1271 1991 Regni

205 1996 293 2023 Scoeie,
307 1996 331 2017 in
342 2002 389 2024 qua
401 1995 451 2017 Rex
463 1995 513 2024 ipse
526 1995 656 2017 Robertum
668 1994 768 2016 eundem
780 1993 889 2021 injuriari
900 1993 946 2015 sibi
957 1993 1118 2022 conqueritur,
1131 1993 1272 2021 procurante

206 2027 346 2048 cunctorum
366 2025 485 2047 incentore
504 2025 630 2051 malorum,
644 2024 733 2046 abolim
749 2026 831 2046 exorta
847 2023 937 2045 mundo
953 2023 1106 2051 produxerat,
1120 2024 1144 2044 et
1160 2028 1213 2050 que,
1226 2021 1273 2043 nisi

206 2055 381 2084 prospiceretur
391 2062 419 2077 ex
428 2054 492 2082 Alto,
503 2054 631 2083 producere
642 2054 750 2082 graviora
761 2052 1061 2075 verisimilitertimebatur
1070 2059 1076 2079 ;
1089 2051 1271 2079 considerantes,

206 2085 288 2113 eciam,
308 2084 477 2113 impedimenta
494 2090 540 2106 non
560 2084 621 2105 levia
639 2090 685 2112 que
702 2083 742 2111 pia
761 2082 805 2105 Dei
822 2083 925 2111 negocia,
945 2083 969 2104 et
990 2081 1102 2110 precipue
1118 2081 1184 2103 illius
1202 2080 1273 2102 Terre

206 2115 332 2137 necessitas
345 2115 369 2136 in
380 2121 427 2142 qua
439 2114 585 2142 Redemptor
600 2115 680 2135 noster
691 2112 755 2135 nasci
772 2114 795 2135 et
807 2112 858 2141 pati
868 2119 911 2141 pro
923 2111 1004 2134 Salute
1015 2113 1097 2134 nostra
1104 2110 1216 2140 dignatus
1227 2111 1271 2138 est,

205 2145 331 2174 propterea
341 2143 475 2172 subierunt,
484 2146 555 2173 atque
566 2143 681 2174 poterunt
699 2149 728 2165 ex
739 2142 815 2174 ipsius
824 2141 977 2166 dissensionis
984 2140 1165 2165 continuacione
1175 2139 1269 2169 subire3
