1328 2295
398 162 561 189 GENERAL
584 163 709 190 INDEX.
1080 155 1096 188 1
1104 154 1123 189 6
1131 155 1147 189 l

88 237 123 261 les
135 239 262 269 requestes
274 238 373 262 feusent
385 238 458 262 faites
470 246 502 261 au
512 238 558 262 Roi
570 238 601 261 de
610 238 729 267 Fraunce,
743 240 775 267 et,
784 245 815 262 en
825 238 926 262 defaute
936 238 967 262 de
979 237 1029 269 luy,
1039 238 1062 261 al
1073 238 1145 269 Pape,

88 278 133 301 par
144 270 178 294 les
190 271 246 301 plus
257 278 350 301 graunz
362 274 388 294 et
400 271 434 294 les
447 270 502 301 plus
514 271 606 294 avisees
618 271 652 294 du
663 271 761 294 Consail
773 273 857 294 nostre
869 271 975 301 Seignur
988 271 1010 294 le
1022 270 1075 294 Roi.
1112 271 1146 294 Et

87 310 129 326 ceo
146 310 161 326 a
177 305 261 327 moust
278 305 370 333 graunt
383 303 460 332 haste,
476 303 521 326 kar
537 303 554 326 il
572 311 603 333 ya
621 305 706 326 moust
723 305 815 333 graunt
833 303 895 334 peril
907 311 937 326 en
950 303 972 327 le
984 303 1073 334 delay;
1093 301 1145 328 76b.

88 334 152 366 [Not
164 335 239 359 dated
250 343 256 364 ;
275 336 321 359 but
333 336 434 359 entered
448 336 527 359 under
540 336 674 366 February,
695 335 819 365 1312-13J.

54 375 262 407 IL—Phssippus.
275 376 322 400 Dei
332 376 413 407 gracia
425 377 576 399 Francorum
590 375 653 399 Rex:
673 378 762 399 notum
774 376 879 399 facimus
892 376 1013 400 universis
1023 376 1144 406 presenti-

85 408 132 432 bus
144 411 170 432 et
181 408 274 432 futuris
286 409 360 439 quod,
377 416 435 432 cum
447 409 506 432 olim
518 409 549 431 ad
561 416 632 432 aures
653 411 757 438 nostras,
770 409 925 438 Officialium,
944 412 969 432 et
981 409 1142 432 subditorum

86 442 236 470 nostrorum,
249 443 275 464 et
286 441 401 478 precipue
413 449 476 472 (11101
478 441 571 464 undam
588 441 778 471 appellancium,
799 443 852 464 tam
865 441 978 464 Ducatus
989 441 1144 472 Aquitanuie

85 480 162 503 quam
170 473 307 497 vicinarum
325 474 444 504 parcium,
461 474 567 497 clamosa
578 473 713 503 frequens'
708 473 843 497 insinuaeio
856 473 1000 504 peiduxerit
1011 473 1145 497 nonnullas

85 505 267 529 inobediencias
286 506 428 529 commissas
449 508 534 529 contla
554 514 598 529 nos
619 508 645 529 et
664 506 736 536 ipsos,
756 514 842 542 graves
856 508 881 529 et
900 513 1012 529 enormes
1031 505 1143 536 injurias,

86 538 224 567 violencias,
243 539 359 569 dampna,
378 543 404 562 et
422 539 571 569 gravamina,
589 538 659 561 nobis
676 546 704 561 ac
720 539 779 568 ipsis
795 538 871 568 illata,
890 538 1029 567 homicidia,
1048 540 1143 569 raptus,

85 570 205 598 incendia,
224 578 251 594 ac
265 571 370 601 rapinas,
386 571 543 601 plurimaque
560 570 608 594 alia
623 570 743 594 mazileficii
754 571 830 594 fuisse
842 573 983 601 per-penam
1000 579 1042 601 per
1055 571 1143 594 Senes-

85 602 166 632 callos,
185 603 295 633 Bajulos,
314 603 426 633 Majores,
446 603 616 633 ΟΗ101·1105(1110
627 603 694 631 alios,
713 603 847 626 servientes
858 606 884 626 et
895 603 1010 627 subditos
1021 602 1145 627 karissimi

86 634 130 658 filii
150 638 176 659 et
194 635 273 659 fidelis
293 635 379 664 nostri,
400 635 516 659 Edwardi
537 636 610 666 Regis
633 635 720 665 Anglie
739 635 851 664 illustris,
873 635 949 659 Ducis
969 635 1143 666 Aquitannie;

88 675 163 698 super
185 668 283 698 quibus,
310 676 354 691 seu
377 676 462 691 eorum
480 668 612 697 aliquibus,
632 671 711 691 certos
736 668 867 691 Processus
890 676 933 698 per
956 668 1143 692 Commissarios

85 702 189 729 nostros,
202 702 304 731 propter
321 701 366 723 hec
385 700 410 723 in
430 701 521 723 eisdem
540 700 653 730 partibus
665 700 768 723 diversis
781 700 877 724 vicibus
889 700 1026 724 destinatos
1038 709 1052 723 a
1065 700 1142 729 nobis,

85 731 139 755 fieri
151 733 332 762 mandavimus
345 733 376 756 ad
390 733 518 756 sciendum
531 733 550 755 si
563 733 644 756 delata
657 733 734 761 nobis,
749 735 778 756 ut
790 733 933 763 predicitur,
946 741 1003 756 vera
1015 735 1104 762 essent,
1117 735 1144 756 et

85 765 267 795 providendum
286 773 360 795 super
381 765 428 788 hiis
447 773 489 796 per
507 765 571 788 viam
588 765 674 795 rigoris
691 765 790 795 justicie
806 765 844 788 vel
862 765 929 794 alias,
949 768 978 789 ut
995 766 1099 794 deceret,
1118 767 1143 788 et

85 797 209 820 occasione
220 805 263 820 seu
276 805 306 820 ex
319 805 392 821 causa
404 798 526 821 dictarum
540 798 774 826 inobedienciarum,
787 797 944 828 injuriarum,
959 798 1143 826 violenciarum,

85 829 271 858 maleficiorum,
294 832 320 853 et
348 830 453 853 aliorum
481 830 657 860 predictorum,
687 830 798 860 prefatus
822 830 882 853 Dux
911 830 937 853 in
965 830 1143 854 forefactumm

83 864 207 885 terrarum
227 870 329 886 suarum
348 863 387 886 vel
407 870 495 892 penam
514 862 596 891 aliam,
616 862 727 893 dictique
750 862 889 891 Senescalli,
914 862 1004 893 Bajuli,
1028 863 1142 893 MajoreS,

85 894 214 923 Officiffles,
238 895 373 918 servientes
398 897 424 918 et
444 895 539 918 subditi
559 895 636 918 Ducis
656 895 776 925 ejusdem,
793 895 819 918 in
842 895 996 918 consimilem
1018 897 1143 918 terrarum

83 935 185 950 suarum
208 927 247 950 vel
269 935 400 957 corporum
424 927 607 956 forefacturam,
631 935 675 950 seu
699 927 865 957 pecuniariam
888 928 926 951 vel
949 928 1023 951 aliam
1052 935 1142 957 penam

88 959 228 988 inciderint,
252 959 291 982 vel
315 959 444 990 potuerint
467 959 633 983 verisimiliter
656 960 871 989 inci(lisse,—Nos,
895 960 1011 990 pulcrum
1034 960 1143 983 vindicte

84 999 162 1022 genus
174 992 299 1022 ignoscere
307 994 453 1022 reputantes
465 992 491 1015 in
501 992 614 1022 quolibet
623 992 770 1022 presidente,
781 994 807 1015 et
816 993 975 1016 attendentes
983 993 1051 1023 quod
1060 993 1142 1016 dictus

86 1024 138 1047 Rex
158 1026 184 1047 et
203 1024 269 1053 Dux,
291 1032 318 1048 ac
335 1025 456 1054 Ysabella,
478 1032 542 1048 uxor
560 1025 622 1055 ejus,
642 1024 737 1054 Regina
752 1024 841 1054 Anglie
860 1025 970 1053 illustris,
992 1025 1042 1048 filia
1057 1027 1143 1048 nostra.

83 1056 135 1080 ka1
129 1065 218 1085 isfflma,
235 1056 323 1080 (liebus
338 1057 393 1080 istis
406 1056 521 1087 Regnum
538 1060 652 1080 nostrum
666 1057 698 1080 Fi
699 1057 767 1080 mcie
779 1057 879 1080 visitare
891 1057 1010 1086 volentes,
1028 1058 1091 1080 illud
1110 1058 1142 1081 ad

82 1089 271 1120 requisicionem
294 1092 413 1118 nostram,
437 1097 486 1112 non
509 1090 562 1112 sine
585 1089 680 1120 magnis
704 1089 828 1112 laboribus
852 1092 878 1113 et
900 1090 1021 1120 expensis,
1038 1090 1142 1120 ingiessi

82 1121 193 1151 fuerunt,
206 1124 232 1145 et
244 1122 343 1150 ibidem,
360 1125 489 1152 assumpto
507 1122 635 1145 nobiscum
646 1122 775 1145 Dominice
789 1122 874 1145 Crucis
886 1122 962 1152 Signo
975 1130 1018 1153 pro
1031 1123 1142 1159 passagio

57 1179 60 1182 ,
82 1154 248 1178 transmarino
260 1154 374 1178 fecerunt
391 1162 451 1185 per
446 1155 545 1184 aliquod
558 1156 658 1184 tempus
671 1154 832 1177 residenciam
850 1155 1010 1185 personalem,
1029 1155 1141 1185 ipsomm

82 1187 278 1210 consideracione
300 1195 408 1217 quorum
431 1188 576 1210 affectamus
599 1187 726 1210 desideriis
750 1187 908 1217 complacere,
932 1189 958 1210 et
981 1188 1073 1218 quibus
1096 1195 1141 1211 nos

81 1219 184 1242 reddere
204 1219 320 1242 volumus
341 1219 460 1248 liberales,
481 1227 580 1242 omnem
602 1219 778 1242 forefacturam
801 1222 931 1248 terrarum,
952 1228 1042 1249 penam
1066 1228 1139 1251 pecu-

81 1251 185 1275 niariam
197 1254 223 1275 et
235 1252 307 1275 aliam
318 1259 510 1282 quamcumque,
520 1252 545 1275 in
558 1252 649 1282 quibus
662 1252 727 1275 idem
737 1252 803 1279 Dux,
815 1252 855 1275 vel
866 1252 951 1275 inclite
963 1253 1141 1276 recordacionis

82 1284 228 1313 Edwardus,
241 1285 367 1314 quondam
380 1284 484 1307 illustris
497 1285 549 1307 Rex
562 1284 658 1314 Auglie,
677 1285 819 1314 progenitor
831 1292 891 1307 suus
904 1287 930 1308 et
942 1285 1140 1315 consanguineus

81 1319 165 1340 noster
184 1317 336 1346 karissimus,
353 1319 473 1347 poterunt
490 1325 547 1346 erga
565 1324 615 1345 nos,
636 1325 666 1340 ex
682 1317 800 1347 predictis
812 1317 851 1340 vel
869 1317 923 1340 aliis
939 1317 1140 1348 quibuscumque

82 1349 162 1372 causis
195 1349 316 1373 hactenus
356 1349 588 1373 incidisse—eidem
625 1349 696 1378 Duci,
732 1357 826 1372 necnon
856 1349 1007 1380 Senescallis,
1037 1351 1139 1381 Bajulis,

83 1381 230 1412 Majoribus,
248 1381 408 1410 Officialibus,
424 1383 450 1405 et
462 1382 627 1405 servientibus
639 1382 690 1404 suis
703 1389 730 1404 ac
747 1382 855 1405 subditis
872 1382 993 1412 ejusdem,
1007 1383 1139 1407 Villarum-

82 1421 130 1444 que
139 1414 199 1437 dicti
208 1414 321 1438 Ducatus
330 1414 566 1441 Communitatibus,
576 1415 619 1444 qui
629 1414 724 1437 subditi
733 1416 758 1437 et
767 1414 967 1438 Communitates
975 1415 1006 1438 de
1015 1418 1138 1446 precepto,

80 1447 206 1475 mandato,
235 1447 275 1470 vel
297 1447 422 1470 occasione
445 1447 540 1470 servicii
564 1447 640 1470 Ducis
663 1447 784 1477 ejusdem,
814 1447 852 1470 vel
877 1447 1073 1471 Senescallorum
1094 1452 1139 1472 aut

80 1479 184 1502 aliorum
197 1479 344 1503 Officialium
361 1487 471 1508 suorum,
490 1479 600 1509 predicta
613 1479 789 1508 commiserint,
808 1487 992 1510 quamcumque
1004 1480 1137 1505 forefactu-

80 1519 132 1535 ram
156 1519 294 1542 corporum,
319 1514 450 1540 terrarum,
475 1514 501 1535 et
523 1512 652 1540 bonorum,
679 1512 847 1539 bannirnenta,
874 1519 1024 1543 omnemque
1046 1521 1137 1543 penam

79 1544 246 1575 pecuniariam
269 1546 314 1567 aut
332 1544 413 1573 aliam,
434 1552 593 1574 quocumque
612 1544 712 1567 nomine
731 1546 867 1572 censeatur,
887 1545 918 1567 de
938 1545 1038 1575 speciali
1057 1547 1138 1576 gracia

79 1577 239 1606 remittimus,
257 1580 283 1600 et
299 1577 365 1607 ipsos
383 1584 469 1600 omnes
486 1579 512 1600 et
530 1576 640 1607 singulos
657 1577 688 1600 ad
706 1576 799 1599 famam
816 1577 981 1607 restituimus,
994 1580 1020 1601 et
1037 1586 1137 1602 omnem

80 1609 181 1633 infamie
193 1612 287 1638 notam,
305 1609 326 1632 si
338 1617 412 1640 quan]
426 1617 456 1632 ex
469 1609 593 1639 premissis
605 1609 781 1637 contraxerint,
792 1609 926 1639 abolemus,
936 1617 967 1633 ex
979 1610 1136 1640 plenitudine

79 1641 155 1672 Regie
178 1642 328 1672 potestatis:
356 1642 423 1665 salvo
446 1642 471 1664 iu
495 1642 620 1672 premissis
640 1641 697 1671 jure
719 1641 841 1670 Parcium,
865 1644 891 1665 et
914 1642 1026 1672 quolibet
1048 1643 1135 1674 alieno,

78 1676 202 1705 quantum
222 1674 254 1697 ad
272 1674 390 1698 interesse
410 1674 584 1704 dampnorum,
609 1674 744 1703 misiaruni,
768 1682 940 1704 expensarum,
964 1682 992 1698 ac
1014 1683 1135 1706 penarum

78 1707 187 1730 civilium
215 1714 438 1737 quarumcumque,
459 1707 503 1737 qui
531 1707 596 1737 ipsos
625 1714 668 1737 per
691 1707 822 1730 Processus
842 1707 894 1737 jam
916 1707 1002 1737 factos,
1026 1708 1065 1731 vel
1083 1709 1136 1732 fieri

77 1739 205 1762 inchoatos
214 1747 257 1762 seu
269 1739 427 1767 inchoandos,
438 1739 547 1769 legitime
559 1739 675 1769 prosequi
684 1739 809 1762 voluerint
818 1739 849 1762 ad
858 1739 977 1763 interesse
986 1741 1134 1770 predictum.

79 1772 151 1800 Quod
171 1774 202 1795 ut
221 1771 322 1795 firmum
342 1774 368 1795 et
390 1772 478 1795 stabile
502 1774 645 1802 permaneat
665 1771 691 1794 in
715 1771 838 1800 futurum,
862 1772 1023 1796 Presentibus
1045 1773 1135 1797 Literis

78 1806 192 1828 nostrum
209 1804 313 1828 fecimus
330 1805 421 1835 apponi
434 1804 680 1834 sigillum—Actum
696 1805 764 1833 apud
777 1804 928 1835 Pyssiacurn,
946 1805 1020 1828 Anno
1032 1806 1135 1830 Domini

79 1836 117 1860 M⁰
135 1837 231 1860 (30οῐΠΟ
247 1836 426 1866 terciodecimo,
446 1844 530 1860 mense
543 1837 558 1860 J
562 1836 611 1860 ulio
628 1837 667 1859 die
683 1837 866 1860 secunda.—Et
878 1837 1059 1861 memorandum
1072 1839 1135 1868 quod

78 1870 124 1892 ista
136 1869 218 1893 Litera
229 1872 334 1893 remanet
344 1877 413 1899 penes
425 1869 517 1899 Reyem,
538 1872 558 1892 et
570 1869 698 1892 consimilis
710 1869 792 1892 Litera
804 1869 876 1893 missa
883 1869 938 1900 suit
951 1869 1134 1895 constabulario

78 1901 232 1932 Burdeyallie
241 1909 286 1932 per
297 1901 444 1932 Magistrum
463 1901 601 1925 willelmum
614 1901 643 1925 de
656 1901 713 1925 case
721 1911 732 1929 ;
750 1901 787 1926 78,

45 1941 263 1973 HL—Philippus,
297 1942 345 1965 Dei
372 1943 452 1973 gracia
480 1943 632 1966 Francorum
661 1943 724 1966 Rex:
758 1944 848 1966 notum
876 1942 981 1967 facimus
1010 1944 1131 1969 universis

79 1975 235 2005 presentibus
251 1977 276 1998 et
291 1975 384 1998 futuris
402 1975 477 2006 quod,
501 1975 527 1998 in
545 1978 629 1998 nostra
646 1975 772 2005 presencia
789 1977 890 2006 propter
907 1976 953 1999 hoc
970 1977 1133 2007 personaliter

78 2007 237 2036 constitutus,
256 2007 361 2031 dilectus
378 2010 403 2031 et
416 2007 494 2030 fidelis
511 2010 594 2031 noster
606 2008 758 2036 Amanenus,
782 2008 864 2031 dictus
882 2008 912 2031 cle
925 2009 1038 2037 Lebreto,
1052 2010 1130 2039 Miles,

77 2039 109 2063 ad
120 2040 267 2063 mandatum
279 2042 304 2063 et
316 2040 504 2070 requisicionem
520 2043 639 2069 nostram,
657 2043 682 2064 et
694 2040 725 2063 ob
738 2041 903 2064 reverenciam
914 2040 1038 2065 karissimi
1050 2042 1094 2065 filii
1106 2045 1131 2066 et

77 2071 157 2095 fidelis
176 2072 261 2101 nostri,
283 2072 406 2101 Edwardi,
428 2073 474 2096 Dei
496 2073 577 2103 gracia
595 2073 669 2103 Regis
689 2072 785 2103 Anglie,
809 2073 886 2096 Ducis
906 2073 1066 2103 Aquitannie,
1090 2075 1131 2098 cui

77 2106 197 2134 tauquam
209 2104 316 2128 Domino
332 2113 376 2128 suo
389 2105 513 2128 desiderat
524 2105 550 2128 in
563 2105 678 2129 omnibus
690 2105 841 2136 complacere
858 2108 884 2129 et
903 2105 981 2136 ipsius
993 2106 1130 2130 voluntatis

77 2136 230 2168 beneplacito
258 2137 459 2168 condescendere,
494 2140 619 2169 quantum
646 2138 706 2163 sinit
735 2138 844 2163 humana
872 2138 1000 2170 fragilitas,
1029 2139 1129 2163 honoris

129 2179 151 2205 L
