1328 2295
462 158 646 186 GENERAL
672 158 809 187 INDEX.
1136 152 1204 188 105

48 236 312 278 Clyst-Fomison
328 236 440 278 (hodie
456 237 605 279 Sowton)
622 237 688 268 and
704 237 960 279 Farringdon,--

175 289 284 313 Anneaeio
296 289 456 314 Ecclesiarum
473 289 502 313 de
515 289 574 314 C'Zist
583 289 693 313 Fomz'eon
705 292 726 313 eb
737 289 766 313 de
778 289 948 319 Famem,—

112 330 260 361 UNIVERSIS,
279 333 334 360 etc„
358 331 490 360 Walterus,
508 331 663 355 etc—Inter
680 331 850 354 solicitudines
867 338 929 361 quas
946 330 1113 354 imbecillitati
1124 332 1208 354 nostre

146 363 270 387 creditum
292 363 371 392 nobis,
395 364 558 394 permittente
581 364 697 393 Domino,
721 363 889 387 ministerium
917 363 1035 393 alligavit,
1064 371 1092 386 ea
1114 363 1207 386 sedulis

144 395 352 419 meditaeiouibus
363 396 518 420 revolventes
530 404 578 427 que
591 398 643 419 tam
660 404 704 427 per
715 404 767 425 nos,
781 403 857 425 quam
871 396 1055 419 predecessores
1066 398 1164 419 nostros
1176 395 1208 419 ad

145 428 246 451 laudem
266 428 314 452 Dei
333 429 523 459 animarumque
541 429 682 459 profectum
703 429 754 452 sint
774 428 906 452 salubriter
929 428 1049 456 ordinata,
1080 428 1145 451 sicut
1164 428 1206 451 illa

145 460 314 484 desideramus
334 461 511 485 inviolabiliter
537 461 665 490 custodiri,
695 461 728 484 sic
748 469 792 492 per
809 469 837 484 ea
854 461 983 484 materiam
1002 461 1161 484 dissensionis
1178 462 1204 483 et

147 493 257 516 scandali
275 494 480 524 inportabilisque
492 494 573 517 oneris
585 494 766 517 detrimentum
779 493 831 516 sine
848 493 958 516 remedio
976 493 1121 523 provisionis
1140 501 1207 516 acco-

146 526 220 549 mode
237 534 287 549 non
304 526 415 557 patimur
431 527 484 550 aliis
502 526 642 550 imminere.
678 526 782 549 Dudum
794 526 918 556 siquidem
935 525 1013 548 felicis
1030 525 1208 549 recordacionis

146 558 270 582 Dominus
280 559 412 588 Walterus,
421 559 567 582 Exoniensis
580 559 724 589 Episcopus,
735 559 895 582 Predecessor
905 561 996 587 noster,
1009 558 1082 588 cujus
1092 558 1206 587 virtutes,

146 591 234 614 merita
243 591 378 621 recolenda,
390 592 458 615 brevi
469 591 527 615 stilo
540 592 676 615 describere
689 599 738 614 non
751 591 869 620 valemus,
880 591 1015 614 Ecclesiam
1027 591 1058 614 de
1070 590 1208 619 Farndone,

147 626 231 646 nostre
244 623 360 652 Diocesis,
369 624 394 647 in
403 624 513 654 proprios
525 632 586 647 usus
595 624 703 647 <luorum
714 624 908 654 presbiterorum
920 623 963 653 qui
976 624 1001 646 in
1012 623 1111 653 Capella
1123 623 1209 646 Sancti

148 656 269 679 Gabrielis
278 656 343 679 infra
351 659 422 687 septa.
427 656 500 680 Curie
509 659 593 680 nostre
601 657 631 679 de
638 657 701 680 Clist
709 657 808 685 situata,
814 664 858 686 pro
866 655 1209 679 animabusomniumPrede-

145 696 268 712 cessorum
282 691 308 712 et
319 689 494 712 Successorum
506 697 616 717 suorum,
633 689 809 719 Episcoporum
819 688 920 718 Exonie,
940 691 965 711 et
976 696 1028 717 sua,
1045 688 1208 718 omniumque

145 721 258 744 fidelium
270 721 447 745 defunctorum
460 724 580 752 perpetuo
592 722 751 751 cel=·brarent,
770 730 814 752 pro
831 721 942 751 ipsorum
956 721 1151 752 presbiterorum
1164 720 1206 743 ali-

146 753 237 783 monia,
248 754 472 777 intervenientibus
484 754 600 778 omnibus
613 757 637 777 et
647 755 751 784 singulis
763 754 889 784 requisitis
900 753 957 784 jure
969 753 1119 790 solempniis,
1132 753 1208 790 assig-

147 786 217 809 navit
224 789 395 817 perpetuoque
403 787 529 810 concessit.
555 786 668 816 Set,c=11u
677 786 823 816 hujusmodi
831 786 1004 817 assiguacionis
1012 789 1038 809 et
1047 785 1209 809 concessionis

147 818 278 842 Ordinacio
285 822 339 842 tam
348 820 458 850 provida,
468 822 525 850 post
534 819 631 842 obitum
643 820 701 849 pref
697 820 731 842 tti
740 819 920 842 Predecessoris
929 819 1007 842 nostri
1016 818 1207 842 succedentibus

145 851 301 882 temporibus
314 860 364 875 non
384 854 487 881 servata,
509 852 600 882 sperati
621 852 718 875 fructus
744 859 793 875 non
817 851 921 875 afferens
941 851 1107 880 fertilitatem,
1131 851 1209 874 donec

146 884 225 907 nostri
242 884 369 913 regiminis
387 885 534 907 advenirent
546 887 658 915 tempora
676 884 776 907 omnino
790 884 881 907 sterilis
894 886 1065 914 permanerem
1084 891 1136 911 nos,
1150 885 1206 913 post

147 916 286 940 multorum
303 919 445 947 temporum
458 917 579 940 curricula
591 917 621 940 ad
636 917 782 940 Exoniensis
795 916 903 940 Ecelesie
915 916 1088 947 gubernacula,
1110 916 1168 939 licet
1180 924 1210 939 ex

147 949 355 972 insufficientibus
372 950 475 978 meritis,
488 949 582 972 evocati
595 950 686 980 pariter
699 952 723 972 et
736 949 866 980 assumpti,
884 949 1015 972 memorati
1028 948 1209 972 Predecessoris

148 982 227 1004 nostri
239 984 291 1005 tam
304 982 329 1005 in
342 982 388 1005 hoc
400 990 475 1012 quam
488 982 514 1005 in
526 982 580 1005 aliis
589 982 654 1005 facta
667 990 742 1012 quam
752 982 889 1012 plurimum
901 982 1035 1005 laudabilia.
1046 984 1209 1010 recensentes,

148 1014 251 1045 ipsaque
276 1013 373 1045 jugiter
400 1015 581 1045 ponderantes;
612 1015 755 1045 cogitantes,
780 1015 864 1043 eciam,
888 1022 964 1045 quam
987 1016 1102 1037 sanctum
1123 1016 1161 1037 est
1184 1016 1210 1037 et

150 1046 248 1070 salubre
271 1055 315 1077 pro
338 1047 463 1070 defunctis
484 1055 584 1070 exorare
605 1053 634 1070 ut
654 1056 667 1070 a
689 1047 794 1077 peccatis
817 1047 946 1070 solvantur
968 1054 1061 1076 eorum,
1085 1047 1208 1077 prefatam

152 1079 349 1108 Ordiuacionem,
376 1080 576 1110 assignacionem,
597 1088 640 1103 seu
664 1080 851 1108 concessionem,
875 1082 928 1102 tam
957 1079 1028 1102 nobis
1056 1087 1132 1110 quam
1153 1079 1211 1102 Pre-

149 1111 318 1135 decessoribus
327 1114 353 1135 et
365 1112 552 1136 Successoribus
564 1113 655 1135 nostris
668 1121 717 1135 non
730 1112 886 1135 mediocriter
904 1112 1078 1142 profecturam,
1092 1111 1211 1135 duximus

149 1144 325 1173 innovandam,
337 1145 467 1175 ipsamque
479 1145 652 1168 innovavimus
665 1146 695 1168 dc
707 1153 827 1168 consensu
838 1145 985 1167 dilectorum
999 1145 1106 1168 filiorum
1119 1144 1212 1167 Decani

151 1179 178 1200 et
188 1177 297 1207 Capituli
310 1177 417 1200 Ecclesie
430 1180 513 1200 nostre
526 1178 680 1206 Exoniensis,
694 1186 720 1200 ac
733 1177 838 1200 aliorum
852 1177 964 1200 omnium
977 1184 1085 1207 quorum
1097 1176 1213 1200 interfuit

150 1210 189 1233 vel
206 1209 324 1233 interesse
343 1210 434 1240 potuit,
455 1213 480 1233 et
492 1210 555 1240 juris
567 1210 652 1233 ordine
665 1210 708 1239 qni
725 1210 898 1240 requirebatur
910 1209 935 1232 in
948 1209 1064 1232 omnibus
1077 1209 1213 1238 observato,

151 1242 234 1265 locum
257 1242 334 1273 magis
356 1243 483 1273 ydoneum
506 1251 550 1273 pro
574 1243 739 1266 celebracione
762 1242 908 1272 hujusmodi
931 1242 1049 1270 facienda,
1077 1242 1211 1272 Capellam,

150 1274 272 1303 videlieet,
293 1275 378 1298 Sancti
391 1275 512 1298 Gabrielis
531 1275 556 1298 in
574 1275 633 1298 villa
652 1275 683 1298 de
696 1275 760 1298 Clist
778 1275 900 1305 Episcopi,
918 1274 983 1297 infra
999 1274 1091 1297 limites
1108 1274 1213 1297 Manerii

151 1307 231 1331 nostri
243 1307 354 1337 predicti,
375 1308 406 1330 de
418 1307 489 1331 bonis
501 1308 564 1331 bone
577 1308 695 1330 memorie
708 1307 809 1330 Domini
821 1307 922 1336 Thome,
937 1307 1117 1330 Predecessoris
1126 1307 1212 1336 nostri,

151 1342 328 1367 constructam,
340 1340 388 1363 illis
406 1340 449 1370 qui
467 1348 534 1363 nunc
551 1343 618 1369 sunt,
632 1343 657 1363 et
674 1340 699 1363 in
717 1340 826 1370 personis
839 1347 924 1363 eorum
937 1339 1053 1363 omnibus
1065 1339 1108 1370 qui
1120 1339 1214 1363 futuris

151 1375 226 1396 erunt
245 1373 406 1403 temporibus,
428 1373 599 1402 assignantem
618 1373 714 1396 Vicaria
731 1375 852 1403 perpetua
873 1373 899 1395 iu
923 1372 1034 1402 predicta
1052 1372 1161 1395 Ecclesia
1183 1373 1214 1395 de

154 1405 284 1428 Farndone
301 1413 345 1435 per
362 1413 406 1428 nos
419 1405 502 1428 taliter
520 1406 634 1428 ordinata
646 1405 713 1436 quod
726 1405 821 1428 Vicaria
834 1404 979 1435 hujusmodi
991 1405 1111 1428 consistat
1122 1405 1146 1428 in
1158 1407 1212 1428 toto

154 1437 307 1466 Sanetuario,
323 1446 350 1461 ac
368 1437 447 1466 terris,
467 1438 590 1467 domibus,
614 1441 639 1461 et
659 1438 755 1466 clausis,
779 1438 880 1460 decimis
901 1440 954 1460 tani
976 1437 1113 1468 majoribus
1136 1445 1213 1468 quam

153 1470 290 1493 minoribus
310 1471 420 1500 predicte
433 1471 550 1494 Parochie
568 1471 598 1493 de
612 1471 749 1499 Far-udone,
764 1478 813 1493 una
830 1478 887 1493 eum
900 1470 1001 1493 decimis
1014 1473 1066 1493 tam
1078 1470 1215 1500 majoribus

154 1510 229 1533 quam
258 1503 402 1532 minoribus,
433 1503 609 1531 oblacionibus,
629 1506 655 1526 et
675 1503 728 1526 aliis
752 1503 944 1526 obvencionibus
963 1503 1162 1533 quibuscunque,
1183 1503 1214 1525 de

154 1535 232 1558 veteri
250 1535 373 1558 dominico
392 1536 496 1558 Manerii
514 1536 593 1558 nostri
612 1536 641 1558 tle
656 1536 718 1559 Clist
736 1535 949 1566 provenientibus,
967 1543 1011 1565 pro
1026 1535 1118 1565 quibus
1131 1538 1215 1558 tamen

154 1567 262 1597 decimis,
287 1568 318 1591 de
346 1570 430 1591 nostro
454 1568 577 1591 dominico
607 1568 718 1598 predicto
736 1568 947 1598 provenientibus,
970 1568 1090 1598 quamdiu
1110 1568 1213 1591 volueri-

153 1608 210 1623 mus
229 1600 326 1623 Vicario
346 1600 377 1623 de
401 1601 531 1624 Farndone
549 1600 593 1631 qui
618 1609 661 1630 pro
684 1603 796 1630 tempore
819 1600 896 1623 fuerit
913 1601 943 1623 de
967 1600 1132 1630 quadraginta
1151 1600 1216 1630 [sex]

154 1632 237 1656 solidis
258 1635 283 1656 et
302 1635 357 1656 octo
376 1633 483 1656 denariis
503 1634 679 1663 sterlingorum
699 1633 846 1661 satisfacere,
859 1635 885 1656 et
908 1633 972 1663 ipsas
994 1633 1102 1656 decimas
1125 1633 1216 1656 nostris

153 1665 239 1688 usibus
251 1666 389 1689 secundum
402 1666 535 1695 quamdam
550 1666 738 1689 Ordinationem
750 1665 873 1695 possimus
884 1665 1013 1695 applicare.
1048 1665 1105 1688 Duo
1117 1673 1217 1696 quoque

154 1698 283 1728 presbiteri
296 1698 426 1721 memorati
438 1706 481 1728 per
493 1706 537 1721 nos
549 1701 575 1721 et
588 1698 743 1721 Successores
756 1701 852 1721 nostros
866 1698 1015 1728 preficiendi,
1026 1700 1052 1721 et
1063 1698 1094 1721 ad
1107 1698 1216 1728 predicte

156 1730 335 1754 Celebracionis
363 1731 472 1754 officium
500 1731 638 1754 secundum
667 1731 770 1754 modum
799 1730 824 1753 in
853 1733 938 1753 nostra
972 1738 1046 1761 super
1074 1731 1120 1754 hoe
1150 1731 1217 1754 facta

155 1763 317 1786 Ordinaeione
345 1766 460 1793 patenter
494 1771 637 1794 explessum
671 1763 701 1786 de
736 1766 816 1786 cetero
859 1763 1005 1793 deputandi,
1040 1763 1087 1786 sub
1115 1763 1215 1786 nomine

155 1795 312 1825 proprietatis
325 1796 432 1819 Ecclesie
450 1796 559 1826 predicte
572 1796 656 1819 taliter
673 1796 836 1826 appropriate,
850 1804 864 1818 a
876 1796 926 1818 Vic:
927 1796 972 1818 irio
990 1795 1034 1826 qui
1047 1804 1091 1826 pro
1103 1798 1215 1832 tempore

154 1827 237 1856 fuerit,
258 1828 332 1851 certis
352 1828 454 1851 statutis
477 1829 597 1857 terminis,
628 1828 743 1851 undecim
766 1836 859 1851 marcas
882 1828 1058 1858 sterlingorum
1079 1828 1217 1858 percipiant

156 1860 293 1889 annuatim,
302 1861 396 1897 'prout'
390 1869 415 1884 in
428 1861 542 1891 quibusd
544 1869 578 1884 un
587 1869 661 1891 super
671 1861 717 1883 hiis
727 1861 846 1884 confectis
856 1861 874 1883 Ι
876 1861 944 1884 iteris
956 1861 1053 1890 plenius
1065 1861 1215 1884 continetur

155 1893 256 1922 Verum,
265 1893 323 1923 quia
334 1893 394 1923 jam,
407 1896 549 1923 temporum
559 1894 679 1923 qualitate
692 1896 797 1921 mutata,
811 1893 908 1916 fructus
920 1893 1033 1916 redditus
1045 1896 1071 1916 et
1081 1896 1216 1923 proventus

156 1925 263 1948 Ecclesie
275 1925 306 1948 de
315 1925 444 1949 Farndone
457 1926 566 1956 predicte
576 1926 636 1948 adeo
650 1932 710 1949 sunt
720 1928 808 1949 tenues
820 1928 845 1948 et
855 1926 929 1949 exiles
940 1925 1008 1956 quod
1020 1925 1097 1955 ipsius
1108 1925 1215 1949 Ecclesie

156 1957 275 1986 Vicarius,
284 1958 366 1981 soluta
375 1959 517 1981 memoratis
526 1958 668 1989 presbiteris
678 1959 789 1988 predicta
801 1958 917 1988 peccunie
927 1958 1076 1988 quantitate,
1085 1958 1174 1988 nequit
1185 1959 1216 1981 de

156 1990 254 2013 residuo
266 1990 401 2014 sustentari
413 1993 437 2014 et
450 1999 523 2014 onera
544 1990 715 2014 incumbencia
735 1994 888 2021 supportare,
910 1998 940 2013 ne
961 1991 999 2013 vel
1019 1990 1130 2019 ipsorum
1150 1998 1215 2020 pres-

155 2022 291 2046 biterorum
312 2023 393 2053 porcio
412 2031 461 2053 que
479 2023 538 2054 ipsis
558 2023 589 2046 ad
606 2023 709 2054 plenum
721 2031 770 2046 non
791 2023 883 2046 sufficit
900 2023 1094 2046 diminucionem
1111 2025 1216 2053 caperet,

157 2055 225 2085 quod
234 2055 363 2083 nollemus,
369 2056 415 2084 vel,
422 2056 528 2079 Persona
537 2056 633 2086 ydonea
643 2064 693 2079 non
701 2056 803 2079 inventa.
811 2063 865 2086 que,
877 2058 977 2085 propter
985 2055 1061 2085 ipsius
1070 2055 1209 2079 exilitatem

157 2094 230 2110 onera.
250 2095 299 2117 que
318 2088 469 2111 incumbunt
488 2088 626 2118 predictam
643 2088 766 2111 Vicariam
784 2091 910 2118 acceptare
928 2087 1035 2111 voluerit
1060 2088 1092 2110 ob
1108 2087 1216 2118 graciam

158 2119 305 2150 animarum,
326 2128 384 2144 cura
404 2128 452 2152 que
470 2120 497 2145 in
515 2121 568 2152 ipsa
584 2120 701 2145 imminet
721 2121 868 2152 negligatur,
886 2120 989 2152 ipsaque
1001 2119 1109 2144 Ecclesia
1131 2120 1216 2145 debito
