1328 2295
421 145 586 170 GENERAL
608 145 735 171 INDEX.
1105 136 1168 170 131

105 220 234 244 Firmanus
245 221 274 244 de
285 228 346 244 novo
358 221 646 245 edificavit.’'—Archires
656 222 685 250 qf
698 222 735 245 the
746 222 777 245 D.
790 222 842 245 aad
854 223 889 251 0.,
903 223 948 245 No.
963 223 1028 251 3673,
1038 230 1101 252 pccqe
1112 222 1161 252 3S.]

77 249 122 279 [11.
142 251 157 262 ‘⁴
166 251 281 273 Visitacio
291 252 354 274 facta
370 252 435 281 apud
446 252 627 281 Columpstoke,
644 252 682 274 die
694 252 778 274 Martis
794 253 904 281 proxima
920 254 973 274 ante
986 253 1083 275 Festum
1095 252 1180 275 Sancti

106 280 228 302 Laurencii
247 281 270 310 [6
296 281 378 310 Aug.],
397 282 466 304 Anno
490 282 588 304 Domini
612 282 649 304 Mo
667 282 737 304 CCCO
761 282 842 309 tercio,
867 289 909 310 per
931 282 1058 310 Magistros
1079 282 1104 304 J.
1129 282 1158 305 de

107 309 219 338 Upavene
231 312 255 332 et
266 311 414 333 Willelmum
424 311 453 333 de
465 311 551 333 Sancta
562 311 642 339 Elena,
656 311 686 333 ad
697 311 741 334 hoc
752 318 794 340 per
805 311 944 340 Capitulum
956 312 1124 340 deputatos,—

79 338 176 367 “Libri,
199 340 355 368 Vestimenta,
379 342 403 363 et
424 341 503 363 omnia
524 341 669 363 Ornamenta
689 341 799 368 Ecclesic,
823 344 851 363 ut
872 341 896 362 in
917 341 979 363 vasis
1002 343 1026 363 et
1046 341 1173 363 utensibus

105 369 250 397 necessariis,
268 370 292 391 in
308 370 418 398 proxima
433 370 579 392 Visitacione
595 371 695 399 reperta,
714 372 836 393 remanent
851 370 875 392 in
891 372 956 392 statu
973 370 1106 398 sufficienti,
1127 378 1175 393 una

106 405 159 420 cum
171 398 288 427 Ymagine
300 399 372 422 Beate
384 400 489 428 Virginis
507 400 531 421 in
548 400 634 428 Magno
652 400 738 428 Altari,
759 402 783 422 et
800 400 907 428 ejusdem
924 400 1007 422 Sancte
1024 401 1129 429 Virginis
1149 403 1172 423 et

107 427 188 450 Sancti
199 428 308 450 Nicholai
324 429 354 451 ad
367 429 447 451 Altare
463 430 487 451 in
500 429 562 451 Navi
574 429 676 451 Ecclesie
692 436 721 451 ex
737 431 804 458 parte
817 429 912 457 Boriali,
926 431 949 451 et
960 430 1077 458 Ymagine
1088 429 1173 452 Sancte

105 457 219 480 Koitai-ine
235 458 265 479 ad
281 458 346 480 aliud
358 459 439 481 Altare
457 459 481 480 in
500 460 567 486 parte
578 459 702 486 Australi;
719 459 805 481 feretro
823 460 846 481 et
864 459 942 481 hercia
959 459 989 481 ad
1000 459 1127 486 Tenebras,
1147 461 1171 482 et

105 486 177 509 Cereo
188 487 288 515 Pascali,
302 488 330 509 de
342 488 429 516 quibus
441 488 551 510 omnibus
563 488 629 510 nulla
645 489 692 510 fuit
704 489 794 510 mencio
806 489 830 510 iu
842 489 987 510 Visitacionc
998 489 1105 517 predicta
1116 496 1121 515 ;
1138 489 1172 511 ita

105 517 170 545 quod
181 517 261 538 nullus
273 517 379 539 defectus
396 519 495 546 apparet
510 518 534 539 in
547 518 650 540 Ecclesia
661 524 702 539 nec
714 519 764 546 ejus
776 520 924 546 coopertura,
938 518 1059 540 cimiterio
1071 518 1108 540 vel
1121 518 1172 546 ejus

105 546 193 574 clauso,
211 547 257 568 nisi
273 547 338 575 quod
354 547 384 569 ad
395 547 488 569 Altaria
504 547 528 569 in
541 547 602 569 Navi
614 547 716 569 Ecclesie
732 547 847 569 deficiunt
859 548 986 575 Frentana,
1006 549 1030 570 et
1045 547 1110 576 quod
1121 555 1173 570 sera

105 575 195 598 Pixidis
206 578 315 604 argentee
326 583 368 604 pro
380 577 479 598 infirmis
490 577 615 599 visitandis
627 579 662 599 est
674 584 801 605 parumper
812 577 936 599 confracta

104 605 233 634 Inquisicio
248 606 311 627 facta
326 606 414 628 ibidem
429 613 471 634 per
482 606 616 628 Johanueiu
630 607 710 631 Bcnet,
725 607 853 628 Ricardum
864 606 980 633 Thurlok‚
999 606 1130 629 Robertum
1143 606 1172 628 de

107 635 299 663 Mapelturnham
312 635 372 664 (sic),
386 636 526 657 Miehaelem
536 636 564 657 de
576 636 658 663 Bosco,
668 636 815 657 VVillelmum
829 636 857 658 de
870 636 988 664 Hanvyle,
1003 636 1131 658 Oshertum
1143 636 1173 658 «le

107 664 248 692 Wydeyete,
260 665 408 687 Willelmum
420 665 577 693 Whytinohg,
596 665 611 687 J
615 665 731 687 ohannem
744 666 838 693 Leyem,
859 667 883 688 et
895 666 1026 687 Henricum
1043 666 1071 687 de
1084 666 1155 687 Forse
1166 673 1171 693 3

107 695 156 722 qui,
172 694 255 722 jurati,
277 694 368 722 dicunt,
379 695 441 717 sicut
459 695 483 716 in
495 696 603 723 proxima
615 695 768 722 Visitacione,
781 695 844 724 quod
858 695 988 717 Firmanus
1005 696 1029 717 et
1040 695 1123 717 ballivi
1134 695 1173 717 sui

108 723 166 745 bene
184 730 208 745 se
222 725 308 751 gerunt
322 730 375 752 erga
386 725 493 746 tenentes
506 725 612 751 Manerii,
633 731 674 746 nec
686 726 785 752 gravant
797 732 836 746 eos
847 725 870 746 in
883 725 971 753 aliquo,
992 731 1034 746 nec
1045 725 1173 753 imponunt

107 753 141 775 eis
157 753 255 775 servicia
272 753 351 782 aliqua
367 755 517 782 preterquam
532 754 613 776 debita
630 756 653 775 et
670 756 790 781 consueta,
810 754 854 776 nisi
874 754 938 782 quod.
957 754 1040 776 cotarii
1051 754 1135 776 dicunt
1151 761 1176 776 se

108 782 214 804 indebite
231 784 339 804 oneratos
359 784 387 805 ile
405 783 523 805 levacione
542 783 590 805 feni
608 784 671 805 ultra
688 790 759 812 quam
777 784 912 812 antiquitus
931 785 1111 806 consueverunt.
1142 784 1173 806 Et

107 812 153 834 hoc
168 819 215 834 non
231 813 268 833 est
282 812 459 840 imputandum,
481 814 508 834 ut
519 815 634 839 asserunt,
650 813 763 841 Magistro
777 813 879 835 Roherto
891 813 927 835 vel
939 814 990 841 ejus
1002 813 1104 841 ballivis,
1117 814 1175 842 quia

108 843 214 870 tempore
238 841 334 863 Domini
359 842 483 870 Reginalili
508 842 529 864 le
557 842 695 869 Arceveske,
726 843 897 871 predecessoris
919 843 1034 871 ejusdem,
1057 843 1105 865 suit
1129 843 1174 865 hoc

108 871 280 893 introductum.
314 871 428 893 Similiter
442 872 525 893 dicunt
542 872 606 900 quod
618 872 728 893 Viciu-ius
743 872 840 894 honeste
856 879 879 894 se
891 872 963 894 habet
975 873 999 894 in
1010 873 1128 900 omnibus,
1150 874 1174 895 et

108 901 166 923 satis
187 900 312 928 diligenter
333 903 425 923 exercet
447 908 473 923 ea
494 908 539 930 que
561 901 643 923 Officio
665 908 708 923 suo
730 902 878 924 incumbunt.
923 902 958 923 De
976 903 1088 930 peccatis,
1108 909 1172 930 vero,

109 930 197 958 celatis,
217 930 351 958 sortilegii&
371 931 455 958 usuris,
476 933 500 952 et
518 931 570 952 aliis
590 931 728 952 criminibus
745 931 881 953 enormibus
897 931 1030 958 occultatis,
1051 931 1135 954 dicunt
1150 938 1175 953 se

108 960 181 982 nichil
192 960 258 982 scire.
292 960 401 982 Preterea
412 960 495 982 dicunt
506 961 570 988 quod
582 962 637 982 sunt
654 961 678 982 in
691 960 797 982 Manerio
808 961 914 989 predicto
926 963 973 983 tres
985 963 1093 983 carucate
1105 963 1173 989 terre,

108 997 210 1018 quarum
227 995 274 1011 uua
291 990 327 1011 est
344 990 373 1011 de
391 990 537 1015 Sanctuario,
551 992 575 1011 et
593 990 673 1012 valent
692 997 734 1018 per
751 997 838 1012 annum
856 990 910 1017 lxs.,
930 990 1033 1012 deducto
1050 992 1134 1018 custo;
1153 993 1177 1013 et

109 1019 208 1048 triginta
219 1020 243 1041 et
251 1018 260 1046 j
273 1025 325 1040 acre
336 1020 406 1047 prati,
426 1019 585 1041 estimacionis
597 1020 684 1047 xxij„
703 1026 755 1041 cum
768 1020 941 1048 quinquaginta
960 1020 1019 1042 aeris
1037 1022 1134 1048 pasture
1152 1021 1177 1042 in

110 1049 205 1071 duobus
216 1048 310 1075 clausiS,
332 1055 378 1077 que
391 1049 469 1070 valent
481 1056 514 1071 xx.
550 1049 580 1070 Et
591 1051 627 1070 est
644 1056 738 1071 summa
755 1049 862 1071 redditus
881 1049 949 1071 assisi
966 1050 1030 1078 (cum
1048 1050 1138 1071 auxilio
1153 1051 1177 1072 et

110 1095 115 1101 .
199 1095 204 1101 .
219 1077 313 1106 1viginti
333 1079 415 1100 solidis
433 1078 462 1100 de
474 1079 634 1104 trituracione,
648 1080 671 1100 ct
682 1086 715 1100 xs.
731 1078 759 1100 ‹le
771 1079 866 1100 redditu
878 1079 1029 1107 Sanctuarii),
1042 1079 1111 1107 xvjli.
1146 1079 1176 1101 Et

110 1108 274 1130 molendinum
285 1107 349 1129 bladi
359 1108 422 1130 valet
434 1108 493 1136 xxjs.
509 1108 575 1135 viijd.
610 1108 707 1129 Decima
718 1108 845 1136 garbarum
857 1109 915 1130 xxlt'.
950 1109 981 1130 Et
992 1109 1025 1130 sio
1036 1110 1073 1130 est
1084 1116 1177 1131 summa

109 1138 186 1160 tocius
198 1137 293 1162 valoris,
303 1144 344 1165 per
355 1140 528 1159 sacramentum
540 1138 655 1166 ipsorum,
667 1138 738 1165 xlijli.
752 1138 794 1166 x-js.
808 1137 857 1160 ixrl.
891 1137 1005 1160 Similiter
1016 1138 1101 1160 dicunt
1111 1139 1176 1167 quod

109 1174 204 1196 presens
216 1167 345 1189 Firmarius
361 1167 495 1189 melioravit
511 1167 597 1194 locum,
611 1170 665 1195 post
676 1169 771 1195 tempus
783 1167 867 1189 ultime
878 1167 1039 1195 visitacionis,
1054 1168 1078 1189 in
1089 1168 1176 1196 palicio

108 1197 172 1219 facto
183 1198 249 1219 trans
264 1202 348 1224 aquam
361 1198 385 1219 et
396 1197 495 1218 diversis
507 1196 608 1224 fossatis,
623 1198 694 1225 prout
711 1197 887 1224 particulariter
898 1197 1072 1225 computabunt
1083 1198 1173 1225 xliii-1255,

108 1228 187 1255 preter
197 1227 386 1249 melioracionem
399 1233 429 1248 xx
442 1226 555 1248 librarum
569 1227 592 1247 in
604 1227 677 1254 priori
690 1226 835 1248 Visitacionc
847 1228 988 1248 contentam.
1014 1227 1042 1248 In
1053 1227 1172 1254 domibus,

107 1262 170 1283 vero,
194 1256 271 1284 Curie,
296 1256 390 1283 clausis,
413 1255 525 1283 nardinis,
549 1256 698 1283 molendinis,
721 1262 763 1277 scu
785 1256 976 1284 quibuscumque
997 1256 1057 1283 aliis,
1080 1256 1174 1278 nullum

108 1286 229 1314 assignant
240 1286 365 1313 defectum,
380 1286 424 1307 nisi
436 1286 460 1307 in
471 1285 567 1313 grangia
579 1285 731 1313 Occidentali,
745 1292 791 1313 que
803 1285 886 1307 dicunt
898 1292 922 1307 se
934 1292 1003 1314 posse
1014 1292 1122 1314 reparare
1134 1293 1175 1315 per

108 1315 168 1337 duos
179 1315 396 1343 solidos.“—Ibid.,
407 1322 465 1343 page
477 1315 524 1343 42].

83 1345 140 1375 [ΙΙΙ.
159 1346 277 1369 Visitacio
291 1347 356 1369 facta
368 1346 393 1368 in
408 1346 515 1369 Ecclesia
527 1346 557 1368 de
571 1345 757 1375 Columpstoke,
770 1345 813 1375 xiij
830 1345 869 1368 slie
885 1346 976 1368 mensis
990 1345 1088 1376 Aprilis,
1102 1346 1176 1369 Anno

117 1378 220 1402 Domini
232 1379 363 1402 Mille-simo
379 1378 475 1402 CCCffl0
488 1378 681 1408 quartodecimo,
694 1378 834 1401 Indiccione
846 1378 1000 1407 duodecima,
1011 1379 1175 1402 Pontificatus

118 1411 220 1434 Domini
238 1411 374 1435 Clementis
392 1411 458 1441 Papa
478 1411 565 1439 Quinti
584 1413 657 1433 Anno
676 1411 754 1438 Nono,
773 1418 817 1440 per
830 1411 978 1440 Magistrum
991 1411 1126 1435 Ricardum
1144 1412 1175 1434 de

118 1443 243 1472 Coletone,
279 1444 484 1467 Commissarium
513 1443 615 1466 Domini
648 1443 751 1466 walteri
788 1443 904 1473 Episcopi
938 1443 1060 1473 predicti;
1101 1444 1175 1474 cujus

117 1476 303 1499 Commissionis
320 1479 392 1499 tenor
408 1479 447 1498 est
465 1475 549 1506 supra-¹
570 1476 595 1498 in
617 1475 731 1505 proxima
750 1476 1038 1506 pagina‚——presentibus
1054 1476 1174 1506 Magistro

117 1508 292 1532 Bartholomeo
310 1509 340 1532 de
354 1509 448 1536 Castro,
470 1509 574 1531 Ricardo
592 1508 622 1531 de
635 1508 776 1535 Morcestre,
795 1508 899 1531 Rieardo
916 1509 947 1531 de
961 1509 1045 1539 Otery,
1064 1509 1174 1532 Roberto

118 1540 260 1570 Daumarle,
285 1541 386 1569 clericis,
410 1543 436 1564 et
454 1549 498 1571 ego
518 1540 580 1569 (sic),
602 1541 626 1563 J.
652 1540 693 1571 [dc
714 1541 902 1570 Lancevatone]
938 1541 968 1563 In
992 1548 1042 1570 qua
1065 1541 1174 1565 Ecclesia

117 1573 304 1604 reperiebantur
324 1574 437 1596 defectus
454 1573 800 1602 subsequentes,—videlicet‚
821 1573 911 1596 velum
930 1573 1052 1603 Nupciale
1072 1574 1173 1597 omnino

117 1605 275 1630 insufficiens.
302 1604 469 1629 Veniiarium3
481 1605 637 1629 insufficiens.
670 1605 859 1628 Crismatorium
872 1605 924 1628 sine
937 1613 1027 1629 serura.
1060 1606 1173 1630 Lucerna

118 1638 276 1662 insufficiens.
307 1638 385 1662 Navis
409 1638 516 1661 Ecclesie
545 1638 609 1661 male
632 1641 768 1667 coopertus.
800 1638 896 1661 Vicaria
925 1638 999 1661 nimis
1021 1639 1174 1669 exilis-que

116 1678 246 1700 nunquam
275 1671 325 1694 fuit
353 1673 445 1699 taxata,
475 1673 505 1694 ut
533 1670 638 1693 asseruit
662 1670 780 1693 Vicarius.
822 1670 923 1693 Vitrum
952 1671 1118 1695 fenestrarum
1147 1672 1173 1695 in

121 1703 235 1727 Cancello
263 1704 390 1731 fractum;
419 1706 445 1726 et
468 1703 552 1726 deficit
575 1703 669 1725 vitrum
693 1703 768 1725 unius
791 1703 898 1726 fenestre
921 1703 947 1726 in
971 1703 1035 1726 Navi
1059 1704 1174 1727 Ecclesie.

120 1736 194 1759 Unde
229 1736 312 1759 dictus
342 1736 532 1759 Commissarius
566 1735 679 1765 injunxit
714 1736 781 1764 quod
816 1743 901 1758 omnes
929 1736 1034 1766 predicti
1063 1737 1176 1760 defectus

120 1771 273 1798 reparentur,
298 1776 341 1799 per
370 1776 410 1791 eos
439 1769 470 1791 ad
499 1775 561 1797 quos
589 1768 699 1798 pertinet
726 1768 852 1796 correccio,
878 1768 939 1791 citra
964 1769 1067 1792 Festum
1091 1769 1177 1792 Sancti

120 1800 246 1824 Michaelis
265 1801 378 1831 proximo
399 1801 524 1829 futurum,
544 1800 591 1823 sub
610 1808 672 1830 pena
692 1808 708 1822 x
729 1800 848 1823 librarum
870 1801 900 1823 ad
922 1801 1050 1824 Fabi-icam
1069 1801 1177 1824 Ecclesie

121 1833 434 1861 Exoniensis,—Willelmo
447 1833 647 1862 Almanisheghe,
661 1833 755 1862 Rogero
767 1833 849 1862 Trille,
861 1834 955 1863 Rogero
968 1834 1045 1864 Pyde,
1062 1834 1176 1857 Parochi-

120 1866 173 1888 anis
185 1866 251 1888 dicte
264 1866 378 1894 Ecclesic,
392 1869 453 1889 tune
465 1865 623 1896 presentibus
637 1874 641 1893 ;
660 1863 712 1888 84¹³.

24 1904 157 1943 Cumbe,
172 1906 261 1938 John
277 1906 325 1943 (le,
342 1906 380 1937 V.
399 1906 433 1937 of
450 1905 711 1942 Stoke-GabrieL
732 1916 778 1937 sce
794 1905 975 1944 Aleborne3
998 1907 1048 1938 44.

78 605 94 616 ιι

27 2020 37 2035 ¹
55 2022 78 2046 A
90 2023 166 2046 blank
178 2031 256 2054 space,
269 2026 315 2047 not
326 2024 394 2047 filled
406 2023 439 2047 in.
646 2025 688 2045 tus
700 2022 815 2045 Psalmus
827 2030 883 2046 cum
894 2024 959 2046 notis
972 2024 1080 2050 musicis,
1096 2024 1183 2054 Venite,

28 2052 38 2068 ²
55 2055 96 2078 See
108 2055 262 2080 visitations.
647 2055 789 2078 Exulttmns
799 2055 911 2083 Domino,
922 2058 966 2079 etc.
979 2056 1082 2087 (Synod.
1096 2057 1184 2087 Exon„

26 2084 36 2100 3
56 2087 69 2098 “
80 2087 153 2111 Liber
166 2088 361 2118 Ecclesiasticus,
374 2088 399 2111 in
412 2096 461 2120 quo
474 2088 580 2119 descrip-
647 2087 721 2111 Anno
735 2087 983 2117 1287.)'’—D'Arm's.

179 2127 209 2157 ,2
