1328 2295
181 141 258 167 THE
285 140 469 167 REGISTER
495 139 543 165 OF
570 139 709 165 Bienor
737 139 961 165 STAPELDON.
1106 129 1151 163 21

95 217 280 242 Cantuariensis
292 216 484 248 Archiepisoopi,
497 217 587 241 Tocius
599 217 688 247 Anglie
700 216 825 245 Primatis,
838 216 864 239 in
876 216 1032 246 infrascripto
1045 215 1152 246 negocio,

94 257 144 273 una
161 259 217 274 cum
236 251 355 282 Magistro
372 250 497 274 Willelmo
516 251 547 273 de
568 249 777 278 Chadeleshunte,
797 249 977 272 Archidiacono
996 248 1152 279 Wyltesyrie,

94 282 121 305 in
133 283 179 306 hac
196 286 265 314 parte
281 283 392 314 legitime
410 285 535 312 excusato,
555 282 724 306 commissarii
740 281 863 312 speciales,
876 281 984 304 salutem
1001 280 1027 303 in
1043 281 1152 304 Auctore

93 315 287 345 salutis—Quia
298 324 350 346 nos,
363 316 512 339 auctoritate
524 323 538 338 a
555 315 622 338 dicto
640 314 755 343 Domin0,
769 314 943 338 Cantuariensi
955 313 1152 343 Archiepiscopo,

94 348 233 378 specialiter
255 349 287 372 ad
309 348 356 372 hoc
379 348 450 371 nobis
477 348 616 376 commissa,
640 347 795 370 Eleccionem
819 354 863 377 per
890 345 1048 369 Venerabiles
1072 346 1151 373 Viros,

93 380 223 404 Decanum
246 383 273 404 et
297 381 443 411 Capitulum
461 380 557 404 Exonie
574 380 605 403 de
625 380 745 410 Magistro
768 379 877 402 Waltero
898 379 929 401 de
953 378 1103 408 Stapeldone
1126 378 1152 401 in

93 412 245 443 Episcopum
258 414 424 436 Exoniensem
437 413 529 442 Electo,
542 412 686 442 nuperrime
697 411 853 440 celebratam,
868 411 991 434 Canonice
1007 410 1153 433 duxerimus

93 445 296 475 confirmandam,
309 445 561 469 Administracionem
574 444 748 475 Spiritualium
760 444 786 467 in
803 443 876 467 dictis
890 443 997 467 Civitate
1009 445 1035 466 et
1049 443 1153 473 Dyocesi

93 477 174 501 eidem
198 478 291 507 Electo,
309 480 386 509 prout
401 478 500 509 justum
518 477 611 506 extitit,
632 477 803 505 concedentes,
830 476 980 499 Discrecioni
997 477 1078 498 vestre
1096 483 1152 498 auc-

93 510 195 534 toritate
212 511 332 541 premissa
354 511 504 534 mandamus
528 510 648 540 quatinus
668 509 777 532 eundem
800 509 924 538 Electum,
942 510 972 531 ut
994 507 1153 538 premisimus

92 542 283 572 confirmatum,
301 543 327 566 in
345 543 522 573 Spiritualibus
540 542 687 572 hujusmodi
709 541 850 565 ministrare
873 541 948 564 libere
965 541 1081 570 deinceps
1098 548 1152 570 per-

92 575 229 605 mittentes,
243 575 339 599 faciatis
355 576 436 599 eidem
452 575 554 605 suisque
570 574 692 598 Ministris
708 574 733 597 in
750 573 927 604 Spiritualibus
943 573 1010 603 ipsis,
1027 575 1152 603 quantum

92 607 119 630 in
141 608 211 631 vobis
234 610 279 638 est,
300 616 314 631 a
338 608 409 632 Clero
431 610 458 631 et
480 607 576 638 Populo
599 607 723 630 dictarum
745 606 860 630 Civitatis
880 608 905 629 et
928 605 1046 636 Dyoeesis
1069 605 1153 628 debite

92 640 240 670 responderi.
285 641 352 664 Bene
369 640 471 663 valeatis
483 640 619 663 l—Datum
637 639 773 670 Radyngie,
793 638 869 662 tercio
887 639 948 661 Idus
966 638 1059 666 Marcii,
1078 638 1152 661 Anno

92 672 196 696 Domini
207 673 340 696 Millesimo
352 673 521 696 tricentesimo
534 672 640 703 septimo
653 672 694 701 [13
707 671 799 700 March,
814 669 999 701 1307-8].—f01.
1015 668 1067 694 30¹³.

125 730 208 754 Litera
222 730 447 754 Conzmissariorum
458 738 530 761 super
544 729 684 754 obediencia
691 729 810 759 facienda
823 729 942 758 Electa),—

60 762 250 786 Venerabilibus
271 763 336 786 Viris
355 765 380 786 et
403 763 516 786 discretis
539 763 661 791 Dominis,
685 763 784 785 Decano
807 764 832 785 et
857 762 972 792 Capitulo
997 761 1152 785 Cathedralis

93 795 200 819 Ecclesic
224 795 379 824 Exoniensis,
397 795 491 824 Simon,
509 795 670 825 permissione
693 795 784 818 Divina
804 794 990 818 saresbiriensis
1008 794 1152 824 Episcopus,

93 830 119 851 et
130 828 255 851 Robertus
267 828 298 851 de
311 829 367 856 Ros,
378 828 494 851 Officialis
508 828 581 851 Curie
596 828 735 856 Cantuarie,
747 827 899 850 Venerabilis
911 827 937 850 in
952 827 1050 850 Christo
1063 827 1152 856 Patris,

93 860 195 883 Domini
208 860 317 889 Roberti,
331 860 377 883 Dei
389 860 470 891 gracia.
483 860 667 884 Cantuariensis
684 860 874 890 Archiepiscopi‚
887 862 944 889 etc,
957 859 983 882 in
996 859 1152 889 infrascripto

92 893 199 923 negocio,
216 901 266 916 una
283 901 341 916 cum
359 893 478 923 Magistro
495 893 620 916 lVillelmo
637 893 668 915 de
687 892 895 921 Chadelesliunte,
909 895 963 920 ete,
985 890 1153 915 commissarii

92 925 215 955 speciales,
228 925 335 949 salutem
348 925 373 948 in
386 925 493 948 Domino
506 925 899 955 sempiternain—Preseutatam
913 925 984 948 nobis
998 924 1152 947 Eleccionem

92 966 136 988 per
153 966 196 981 vos
210 958 241 981 de
258 958 377 988 Magistro
395 957 505 981 lValtero
521 958 551 980 dc
570 958 728 988 Stapeldonc,
741 958 807 980 dicte
824 957 931 980 Ecclesie
948 960 1030 980 vestre
1047 957 1151 980 Precen-

92 992 178 1019 torem,
192 990 218 1013 in
230 990 381 1021 Episcopum
393 990 559 1013 Exoniensem
573 990 666 1018 Electo,
680 990 822 1020 nuperrime
834 990 990 1018 celebrabam,
1003 989 1152 1012 auctoritate

91 1031 106 1046 a
125 1023 268 1053 supradicto
288 1023 396 1046 Domino
425 1022 615 1052 Archiepiscopo
638 1022 775 1052 specialiter
798 1022 829 1045 ad
852 1022 898 1045 hoc
921 1022 992 1045 nobis
1015 1022 1153 1052 commissa,

91 1056 232 1079 examinare
250 1055 391 1078 curavimus
409 1055 548 1085 diligenter.
585 1055 625 1083 Et,
644 1055 702 1085 quia
719 1055 824 1078 eandem
842 1054 991 1078 Canonicam
1008 1062 1052 1084 per
1069 1054 1153 1077 omnia.

91 1087 233 1111 invenimus
253 1090 280 1111 et
302 1088 456 1116 concordem,
480 1087 559 1117 ipsam
583 1087 731 1110 auctoritate
754 1087 866 1117 predicta
883 1087 931 1110 rite
954 1087 1072 1110 duximus
1095 1095 1152 1110 con-

90 1120 245 1144 firmandam.
276 1120 385 1150 Ideoque
398 1120 497 1143 Unitati
509 1122 597 1148 vestre,
610 1120 759 1143 auctoritate
771 1120 874 1150 prefata,
887 1120 1036 1143 mandamus
1048 1119 1154 1142 firmiter

91 1153 246 1183 injungendo
274 1153 393 1183 quatinus
416 1152 497 1175 eidem
527 1152 612 1175 Electo
641 1154 730 1180 vestro,
757 1155 787 1175 ut
810 1152 967 1182 premisimus
991 1152 1152 1181 Confirmato,

91 1185 162 1209 velut
173 1185 285 1208 membra
297 1185 372 1215 capiti
384 1185 556 1215 obsequentes,
569 1184 594 1207 in
607 1184 655 1208 hiis
667 1193 716 1215 que
728 1185 759 1207 ad
769 1185 913 1215 Spiritualia
925 1185 991 1208 dicte
1004 1184 1152 1208 Exoniensis

92 1217 199 1241 Ecclesie
216 1217 339 1248 pertinere
357 1220 496 1240 noscuntur
513 1217 642 1240 humiliter
659 1217 826 1246 intendentes,
843 1217 1011 1240 obedienciam
1029 1220 1054 1240 et
1071 1225 1151 1240 rever-

91 1250 194 1279 enciam,
213 1258 270 1273 cum
287 1250 372 1273 debita
389 1249 546 1280 subjeccione
569 1249 615 1273 sibi
638 1250 722 1273 taliter
745 1249 896 1280 impendatis
913 1252 950 1278 ut,
969 1257 1012 1280 per
1034 1252 1150 1280 prompte

91 1282 230 1306 devocionis
245 1282 401 1313 obsequium,
414 1282 455 1305 Illi
471 1282 566 1313 placere
584 1282 683 1312 possitis
703 1282 752 1310 Qui
771 1282 875 1305 Summo
893 1282 961 1305 Patri
980 1282 1150 1312 Semetipsum

91 1315 173 1339 factus
186 1315 309 1338 Obediens
318 1314 458 1338 immolavit
471 1322 476 1343 ;
492 1322 589 1345 semper
602 1315 627 1338 in
645 1315 752 1338 Domino
764 1315 1003 1338 valituri-Datum
1013 1315 1149 1345 Radyngie,

90 1348 166 1371 tercio
178 1348 240 1371 Idus
252 1347 345 1377 Marcii,
358 1347 431 1371 Anno
444 1347 546 1371 Domini
564 1347 623 1371 Mffl0
637 1347 734 1372 <30an
746 1347 852 1378 septimo
870 1346 912 1377 [13
925 1347 1017 1377 March,
1031 1346 1132 1377 1307-8]
1144 1355 1150 1377 ;

89 1379 146 1404 ibid.

124 1424 260 1449 Oommissio
268 1424 341 1455 facta
354 1425 443 1455 Royero
455 1424 484 1449 dc
498 1424 608 1455 Otery,—

57 1458 190 1487 Walterus,
203 1457 250 1481 Dei
261 1457 341 1488 gracia
359 1458 467 1486 Electus,
481 1460 535 1486 etc.‚
548 1458 638 1481 dilecto
655 1457 702 1480 sibi
716 1457 742 1480 in
758 1457 856 1481 Christo
873 1457 991 1487 Magistro
1008 1458 1103 1488 Rogero
1119 1458 1150 1481 de

90 1491 175 1521 Otery,
189 1490 312 1513 Canonico
329 1490 473 1519 Criditonie,
487 1490 634 1513 Exoniensis
653 1490 779 1521 Dyocesis,
792 1491 899 1514 salutem
914 1491 940 1513 in
952 1491 1017 1514 Vero
1032 1491 1147 1514 Salutari.

89 1523 127 1546 De
150 1525 231 1546 vestre
248 1522 411 1546 Discrecionis
430 1523 555 1546 industria
572 1523 671 1553 plenam
692 1523 717 1545 in
736 1523 843 1546 Domino
863 1523 980 1546 fiduciam
999 1523 1148 1553 optinentes,

89 1556 121 1579 ad
132 1555 302 1585 recipiendum
314 1563 358 1585 per
369 1563 420 1583 vos,
433 1555 472 1578 vel
484 1555 561 1578 alium
574 1563 617 1578 seu
630 1555 696 1584 alios,
709 1555 853 1585 juramenta
866 1556 988 1579 Canonice
999 1556 1147 1579 Obediencie

89 1588 120 1611 ab
143 1587 259 1610 omnibus
282 1590 308 1611 et
327 1587 431 1618 singulis
451 1587 558 1611 subditis
579 1588 670 1611 nostris
694 1587 810 1611 Civitatis
830 1590 856 1611 et
876 1588 993 1618 Dyocesis
1012 1588 1114 1617 Exonie,
1132 1596 1146 1611 a

89 1620 181 1651 quibus
198 1620 269 1643 nobis
285 1620 316 1643 de
335 1620 391 1650 jure
408 1620 447 1643 vel
464 1620 646 1643 consuetudine
663 1620 708 1643 hec
725 1620 856 1650 debentur,
874 1628 970 1644 necnon
987 1621 1014 1644 in
1031 1621 1148 1644 omnibus

88 1652 168 1676 causis
180 1654 206 1675 et
218 1652 324 1683 negociis
336 1653 368 1675 ad
385 1652 401 1676 J
403 1653 591 1676 urisdiccionem
608 1655 718 1676 nostram
730 1653 911 1676 eontenciosam
924 1653 949 1676 in
962 1653 1029 1676 dicta
1041 1654 1146 1684 Dyocesi

89 1685 280 1715 pertinentibus,
298 1693 348 1708 una
366 1692 423 1708 cum
440 1685 611 1715 inquisicione,
630 1685 788 1714 correecione,
806 1688 832 1708 et
850 1686 979 1715 punicione
1000 1693 1145 1709 excessuum

88 1717 248 1741 subditorum
265 1720 415 1747 nostrorum,
428 1725 455 1740 ac
472 1718 549 1740 eciam
569 1718 600 1740 ad
616 1718 786 1748 recipiendum
801 1718 1001 1741 Presentaciones
1018 1718 1050 1741 ad
1068 1719 1144 1741 Bene-

87 1749 143 1773 ficia
165 1750 289 1773 dictarum
307 1749 422 1773 Civitatis
445 1752 470 1773 et
488 1750 612 1780 Dyoeesis,
632 1750 829 1780 Inquisicionum
848 1751 942 1773 Literas
960 1751 1146 1774 concedendum

88 1782 120 1806 ad
132 1783 237 1812 easdem,
250 1782 420 1813 Personasque
436 1784 591 1813 presentatas
609 1782 634 1805 in
650 1782 710 1812 ipsis
726 1783 855 1806 Beneficiis
873 1783 995 1806 Canonice
1011 1783 1144 1806 instituen-

88 1815 157 1844 dum,
166 1817 192 1838 et
202 1815 294 1838 Curam
301 1814 441 1838 animarum
451 1815 544 1838 eisdem
554 1815 763 1838 committendum
775 1823 781 1844 ;
793 1823 851 1838 cum
859 1815 972 1838 Personis
982 1816 1145 1845 Beneficiatis,

89 1847 243 1871 Canonicum
261 1847 376 1870 Titulum
396 1847 569 1871 Institucionis
589 1847 746 1877 habentibus,
771 1855 845 1878 super
862 1855 912 1871 non
935 1848 1097 1871 residenciam
1119 1849 1145 1871 in

89 1879 141 1903 suis
159 1879 295 1908 Beneficiis,
309 1887 388 1910 usque
404 1880 436 1903 ad
454 1880 558 1903 Festum
572 1880 643 1903 Beati
660 1880 787 1903 Michaelis
804 1880 917 1910 proximo
934 1880 1059 1910 futurum,
1072 1881 1147 1911 juxta

90 1912 207 1935 Formam
225 1912 420 1936 Constitucionis
437 1912 539 1935 Domini
556 1912 682 1935 Bonefacij
699 1913 765 1943 Pape
783 1913 877 1942 Octavi,
896 1921 944 1943 que
961 1913 1147 1943 incipit—Cum

89 1951 116 1968 ex
128 1952 159 1974 eo,
169 1944 365 1975 dispensandum
378 1952 384 1973 ;
402 1944 547 1975 Literasque
560 1945 716 1968 Dimissorias
728 1945 760 1968 ad
773 1945 876 1968 Ordines
890 1945 920 1968 ab
936 1945 1015 1968 alieno
1026 1946 1146 1976 Episcopo

90 1976 218 2000 Catholico
244 1977 396 2007 recipiendos
425 1977 579 2007 quibuslibet
602 1977 758 2000 Beneficiatis
781 1978 948 2007 predictarum
978 1978 1093 2001 Civitatis
1122 1980 1148 2001 et

90 2009 215 2040 Dyocesis,
229 2009 383 2033 Oanonieum
394 2009 510 2033 Titulum
521 2010 547 2032 in
559 2009 619 2040 ipsis
631 2010 759 2033 Beneficiis
771 2010 928 2039 habentibus,
942 2010 1127 2033 concedendum
1141 2018 1147 2038 ;

89 2049 192 2071 necnon,
205 2042 288 2065 omnia
300 2044 326 2065 et
338 2042 435 2072 singula
447 2042 589 2065 faciendum
601 2042 653 2065 sine
665 2042 757 2072 quibus
768 2043 894 2072 premissa,
907 2043 946 2065 vel
958 2050 1045 2065 eorum
1057 2042 1147 2072 aliqua,

89 2081 197 2104 congrue
214 2074 323 2104 expediri
340 2074 482 2105 nequibunt
494 2082 500 2103 ;
524 2074 593 2098 vobis
617 2074 682 2098 vices
702 2077 807 2103 nostras,
830 2083 888 2098 cum
917 2075 1040 2098 Cauonice
1063 2075 1147 2097 coher-

88 2106 164 2130 cionis
181 2108 311 2137 potestate,
327 2107 508 2131 committimus
520 2115 563 2137 per
575 2107 705 2131 Presentes
716 2115 721 2136 ς
739 2107 897 2132 Visitacionis
911 2107 1033 2135 Officium,
1053 2114 1149 2131 necnon
