1328 2295
59 447 150 480 THE
185 446 407 480 REGISTER
443 446 500 478 OF
535 445 724 478 WALTER
758 445 819 477 DE
854 445 1131 483 STAPELDON,

359 498 526 531 BISHOP
558 498 615 530 OF
646 497 824 529 EXETER

431 550 513 583 A.D.
546 549 669 584 1307-
699 551 772 582 326.

58 663 126 695 The
149 663 321 704 following
345 662 547 695 Documents
570 672 625 694 are
647 661 782 694 written
804 672 846 693 on
867 664 932 694 two
953 661 1012 704 fly-
1002 661 1124 694 -leaves
1140 663 1175 694 at

16 707 73 740 the
88 707 270 750 beginning
286 707 321 739 of
343 706 401 739 the
416 706 610 744 Volume,—-

49 817 209 848 [Canem-nimy
222 816 340 841 Nicholas
350 817 371 841 Ze
382 816 486 847 Enyleis,
497 816 565 846 clerk,
578 816 629 840 who
640 824 688 841 was
700 815 809 846 confined
819 817 847 840 in
859 815 896 840 the
907 815 1019 847 Bishop’s
1031 816 1140 846 Pm'son}

80 850 212 879 Walterus,
225 852 281 879 etc.‚
294 850 391 873 dilectis
407 849 464 873 filiis
484 849 637 873 Cancellario
653 852 679 873 et
697 849 845 873 subdecano
862 849 888 873 in
909 849 1019 873 Ecclesia
1039 849 1175 873 Exoniensi

111 891 140 906 ac
159 883 236 906 eciam
258 883 361 906 Officiali
384 882 518 906 Peculiaris
540 883 557 906 J
560 882 728 906 urisdiccionis
751 884 842 911 nostre,
866 882 985 909 salutem,
1008 882 1123 913 graciam,
1148 885 1174 906 et

112 915 394 939 benediccionem.—Ex
406 918 477 946 parte
490 915 603 938 Nieholai
615 915 638 938 le
659 914 766 945 Engleis,
780 915 860 938 clerici
874 917 959 938 nostre
971 915 1090 943 Diocesis,
1103 915 1174 938 nobis

112 951 151 972 est
169 948 299 971 humiliter
316 948 492 979 supplicatum,
512 950 566 977 etc,
581 948 705 971 narrando
724 947 812 970 seriem
828 947 1003 971 indietamenti
1022 950 1048 971 et
1064 947 1175 971 criminis

113 981 161 1004 sibi
181 981 299 1011 impositi,
317 989 345 1004 ae
365 980 442 1004 eciam
465 981 573 1011 qualiter
591 980 623 1003 ad
643 980 826 1010 deposicionem
846 980 966 1003 laicorum
986 980 1064 1003 fuerit
1085 981 1175 1004 carceri

114 1013 231 1044 Episcopi
250 1021 294 1044 per
313 1013 470 1037 Justieiarios
488 1013 561 1043 Regis
579 1013 605 1036 in
624 1020 652 1036 ea
671 1015 748 1043 parte,
768 1015 890 1043 tanquam
915 1013 1025 1042 clericus,
1046 1013 1174 1042 liberatus,

114 1047 240 1077 quodque,
261 1054 335 1076 super
355 1046 501 1076 hujusmodi
522 1045 625 1069 crimine
645 1045 707 1068 falso
730 1048 756 1068 et
778 1045 903 1069 maliciose
924 1046 971 1069 sibi
994 1046 1119 1076 imposito,
1144 1049 1175 1069 ut

114 1079 280 1109 pretenditur,
293 1079 326 1102 sit
337 1078 458 1102 immunis
470 1081 496 1101 et
507 1078 532 1101 in
549 1078 618 1101 nullo
630 1078 766 1108 culpabilis,
780 1078 811 1101 ad
823 1078 900 1108 ipsius
912 1078 1088 1108 purgacionem
1101 1087 1176 1109 super

113 1111 181 1135 (licto
204 1111 308 1135 crimine
333 1111 375 1140 sic,
399 1114 430 1134 ut
452 1111 638 1141 premittititur,
662 1111 709 1134 sibi
736 1109 871 1141 imposito)
895 1112 1026 1141 procedere
1050 1111 1075 1134 in
1095 1111 1175 1134 forma

114 1144 223 1167 Eeclesie
241 1146 267 1167 et
287 1144 346 1167 alias
365 1143 411 1167 sibi
431 1144 457 1167 iu
477 1151 506 1167 ea
524 1146 593 1174 parte
613 1143 741 1174 justiciam
761 1143 841 1166 facere
861 1151 1011 1167 curaremus.
1047 1144 1175 1173 Nolentes,

116 1177 202 1207 igitur,
236 1177 317 1200 eidem
346 1176 433 1199 clerico
460 1176 486 1199 in
515 1184 560 1199 sua
590 1175 693 1206 justicia
721 1176 812 1205 deesse,
840 1176 883 1206 qui
911 1176 937 1199 in
972 1184 1000 1199 ea
1034 1176 1176 1199 exhibenda

115 1209 232 1233 omnibus
244 1217 332 1232 sumus
351 1209 423 1232 nobis
439 1209 547 1232 subditis
566 1209 690 1231 debitores
704 1216 709 1235 ;
727 1209 893 1237 advertentes,
907 1209 991 1237 eciam,
1004 1209 1072 1239 quod
1084 1209 1115 1232 de
1128 1209 1176 1232 illis

114 1250 177 1273 quos
195 1250 275 1265 carcer
295 1244 366 1265 tenet
383 1241 491 1264 inclusos
506 1243 592 1272 aperta
608 1241 641 1264 sit
661 1241 810 1264 diffinicione
826 1242 972 1270 sanccitum,
985 1244 1015 1264 ut
1029 1244 1074 1264 aut
1089 1242 1175 1272 damp-

115 1275 210 1298 nandos
222 1274 294 1298 velox
305 1282 369 1304 pena
381 1274 516 1297 comitetur
527 1276 572 1297 aut
584 1274 724 1297 liberandos
737 1274 850 1297 custodia
862 1282 913 1297 non
926 1276 1035 1297 maceret
1046 1274 1175 1303 diuturna,

117 1307 226 1336 —vobis,
250 1309 335 1330 tenore
359 1307 518 1330 Presencium
541 1306 724 1330 committimus
748 1309 774 1329 et
796 1307 945 1330 mandamus
963 1307 1090 1337 quatinus,
1110 1307 1176 1330 facta

114 1340 145 1363 ad
157 1340 305 1363 mandatum
319 1342 431 1363 vestrum
443 1339 468 1362 in
482 1339 595 1369 partibus
607 1341 633 1362 et
645 1339 703 1362 locis
720 1339 763 1362 ubi
781 1339 928 1369 hujusmodi
941 1339 1044 1362 crimina
1056 1340 1176 1363 dicuntur

114 1373 191 1396 fuisse
211 1372 350 1401 commissa,
366 1372 440 1395 certis
457 1372 545 1395 diebus
560 1371 737 1402 solempnibus,
756 1375 832 1402 prout
850 1372 971 1395 haetenus
987 1375 1026 1395 est
1041 1372 1066 1395 in
1083 1372 1176 1395 talibus

114 1407 270 1434 consuetum,
291 1405 485 1435 proelamacione
506 1404 605 1435 puplica
624 1406 650 1427 et
670 1404 798 1434 solempni,
815 1404 836 1427 si
859 1405 949 1435 aliquis
969 1405 1113 1435 apparuerit
1133 1413 1175 1435 op—

114 1438 208 1468 positor
220 1445 263 1461 seu
275 1437 448 1466 contradictor,
461 1439 515 1460 tam
533 1437 614 1460 eidem
630 1444 706 1467 quam
722 1437 819 1467 prefato
837 1437 923 1460 clerico
935 1437 960 1460 in
974 1445 1001 1460 ea
1013 1440 1084 1468 parte
1096 1438 1176 1461 facere

115 1470 208 1493 curetis
226 1478 270 1500 per
292 1470 376 1493 omnia
394 1470 509 1493 debitum
529 1469 629 1500 justicie
649 1470 880 1500 complementum;
903 1470 931 1499 si,
955 1478 1020 1499 vero,
1039 1470 1125 1493 nullus
1148 1470 1174 1493 iu

115 1503 160 1526 hac
173 1505 243 1533 parte
255 1502 330 1525 libere
346 1502 490 1533 apparuerit
508 1502 634 1532 oppositor
651 1510 694 1525 seu
712 1502 888 1530 contradictor,
900 1503 967 1526 facta
978 1503 1131 1533 preolusioue
1144 1503 1175 1526 ad

115 1535 294 1566 inquirendum
306 1535 411 1558 ulterius
424 1543 498 1565 super
510 1535 634 1565 premissis
646 1534 672 1558 in
688 1534 768 1558 forma
780 1535 850 1565 juris,
863 1543 959 1558 necnon
973 1536 1005 1558 ad
1017 1536 1175 1559 liberandum

115 1568 224 1591 eundem
254 1567 371 1591 clericum
394 1575 409 1590 a
431 1570 517 1591 nostro
544 1575 638 1590 carcere
665 1570 810 1596 memorato,
834 1575 884 1598 quo
909 1568 1035 1591 occasione
1056 1568 1176 1598 premissa

115 1601 251 1630 detinetur,
264 1600 284 1623 si
297 1608 340 1630 per
355 1600 502 1630 hujusmodi
520 1600 714 1630 Inquisieionem
731 1607 806 1630 super
821 1600 947 1630 premissis
967 1601 1113 1624 criminibus
1129 1601 1176 1624 sibi

115 1633 238 1664 impositis
266 1633 404 1663 reperiatur
431 1633 558 1661 immunis,
590 1632 710 1663 premissa
737 1633 886 1663 purgacione
915 1633 1006 1663 debita,
1035 1634 1175 1664 procedere.

116 1666 189 1694 Quod.
201 1665 221 1689 si
233 1673 277 1696 per
296 1665 489 1696 Inquisicionem
505 1665 584 1696 ipsam
601 1673 644 1688 seu
661 1665 728 1692 alias,
741 1667 771 1688 ut
783 1665 946 1695 premittitur,
959 1666 1089 1696 culpabilis
1101 1674 1177 1696 super

114 1699 162 1722 hiis
174 1698 207 1721 sit
219 1700 339 1728 repertus,
352 1706 395 1721 vos
413 1698 521 1721 eundem
535 1698 566 1721 ad
582 1705 703 1720 carcerem
724 1700 840 1721 nostrum
859 1698 1017 1722 remittentes
1035 1699 1176 1729 precipiatis

115 1738 144 1754 ex
156 1733 218 1754 tunc
230 1731 313 1761 ipsum
325 1730 352 1753 in
364 1731 450 1753 eodem
464 1738 558 1753 carcere
571 1730 617 1753 sub
630 1730 680 1753 fida
692 1730 806 1754 custodia
817 1731 942 1754 reservari.
978 1731 1019 1755 Ad
1031 1739 1079 1762 que
1092 1731 1176 1754 omnia

114 1766 140 1786 et
162 1763 260 1793 singula
283 1766 309 1786 et
330 1771 357 1786 ea
380 1763 570 1793 quomodolibet
593 1763 764 1793 contingenda
787 1763 907 1793 facienda,
934 1764 1004 1787 vobis
1028 1767 1053 1787 et
1076 1764 1175 1787 duobus

116 1798 235 1825 vestrum,
255 1803 313 1819 cum
342 1795 465 1819 Canonice
488 1795 639 1818 cohercionis
662 1798 793 1826 potestate,
817 1798 903 1819 tenore
926 1796 1085 1820 Preseneium
1109 1804 1174 1819 com-

116 1829 241 1852 mittimus
253 1828 318 1851 vices
330 1830 426 1851 nostias
429 1828 573 1857 .-—Datum,
587 1830 651 1855 etc.;
671 1828 745 1851 Anno
758 1828 867 1858 Domini,
877 1830 923 1852 ete.
956 1828 1173 1861 [Unfortumtely.

114 1861 157 1884 the
169 1861 245 1885 date'
239 1869 259 1884 is
268 1860 460 1890 omitted]-fol.
476 1862 496 1884 1.

100 1941 262 1973 [Concerninfs
274 1942 311 1967 the
324 1942 428 1973 Custody
439 1942 469 1973 of
482 1943 519 1966 tlze
531 1943 669 1973 Dauqlzters
682 1943 710 1972 of
726 1943 793 1967 John
804 1943 824 1967 le
836 1943 968 1973 Senesclzal,
980 1944 1107 1974 deceased}

84 1975 158 2005 [A.D.
177 1975 385 2006 13:24J—‹Placica
396 1975 465 2006 apud
486 1975 714 1999 Westmonastertum
733 1984 812 2000 coram
830 1976 862 2000 W.
880 1977 909 2000 (Ie
930 1977 1057 2004 Bereforde
1068 1981 1088 2000 et
1101 1977 1176 2000 Sociis

115 2007 172 2037 suis,
191 2008 344 2031 Jusciciariis
362 2007 463 2031 Domini
481 2008 554 2037 Reyis
574 2008 603 2031 de
620 2008 710 2036 Barzco,
724 2017 739 2031 a
756 2009 795 2032 dic
813 2009 903 2033 Pasche
920 2011 946 2032 in
964 2013 1010 2033 ires
1021 2010 1174 2040 septimanas,

116 2041 186 2064 Anno
198 2040 277 2071 Regni
285 2041 355 2071 Bessis
366 2040 489 2070 Edwardi,
500 2040 561 2064 Filii
573 2041 644 2071 Reyis
657 2041 782 2071 Edwards,
790 2041 878 2065 decimo
890 2042 1174 2072 septima—Consano..

480 2125 488 2141 ¹
506 2126 636 2158 impositis,
652 2127 703 2151 Ms.
