1328 2295
117 128 163 164 20
317 139 388 165 THE
416 140 590 166 REGISTER
618 140 662 166 or
691 140 825 167 Bienor
856 139 1074 166 STAPELDON.

242 217 327 241 Lieera
343 217 434 242 directa
449 218 515 248 Περὶ,
530 226 577 249 pro
595 217 780 248 Temporalitate
797 217 950 248 habenda,—

177 249 393 274 Excellentissimo
410 251 521 281 Principi
538 253 563 274 et
581 251 689 274 Domino
705 259 757 281 suo,
774 251 882 274 Domino
900 250 1031 280 Edwardo,
1051 250 1098 274 Dei
1113 249 1195 281 gracia
1211 249 1274 280 Regi

208 282 298 313 Anglie
316 283 415 312 illustri,
437 283 545 307 Domino
569 283 696 313 Hibernie,
715 285 741 307 et
763 283 828 307 Duci
845 283 1007 314 Aquitannie,
1027 283 1130 314 Symon,
1149 282 1273 313 Ejusdem

209 316 371 345 permissione
383 316 540 339 Sarumensis
553 316 699 346 Episcopus,
714 318 738 339 et
751 316 876 339 Robertus
888 316 919 339 de
928 317 986 345 Ros,
995 316 1111 339 Officialis
1125 315 1199 339 Curie
1209 315 1272 338 Can-

209 348 489 376 tua1·ie‚Veuerahilisiu
500 349 600 372 Christo
608 349 697 378 Patm's,
708 349 810 372 Domini
819 349 930 378 Roberti,
941 348 988 372 Dei
995 348 1077 379 gracia
1087 347 1273 372 Cantuarieusis

209 380 401 411 Archiopiscopi,
422 381 512 404 Tocius
531 381 622 411 Anglie
642 381 767 410 Primatis,
788 381 814 404 in
836 381 994 411 infrascripto
1017 381 1118 411 negocio
1141 388 1193 404 una
1215 388 1274 404 eum

209 413 329 443 Magistro
344 413 470 437 Wfllelmo
488 414 519 437 de
535 413 743 443 Chedeleshunte,
753 413 934 437 Archidiaeono
948 413 1106 444 lVyltesyrie,
1120 413 1231 444 legitime
1247 413 1274 436 in

209 445 255 469 hae
268 448 338 476 parte
356 448 481 475 excusato,
496 446 666 470 Commissarii
682 446 806 477 speciales,
820 446 927 469 salutem
944 446 971 469 in
988 446 1023 469 Eo
1042 453 1086 476 per
1101 446 1182 474 Quem
1195 445 1274 476 Reges

209 481 315 508 regnant
332 481 358 502 et
374 479 500 509 Principes
519 479 791 502 dominantur.—Cum
808 486 853 502 nos
871 478 1033 507 Eleccionem,
1050 478 1131 508 petita
1151 485 1165 501 a
1184 478 1273 509 Majes-

208 513 262 534 tate
283 513 365 534 vestra
389 511 464 542 Regia
481 511 588 541 eligendi
607 511 720 535 Licencia
737 513 763 534 et
780 513 890 541 optenta,
909 519 989 541 nuper
1006 511 1099 534 factam
1116 511 1143 534 iu
1167 510 1274 534 Ecclesia

211 543 353 567 Cathedrali
366 544 462 567 Exonie
474 544 505 567 de
518 544 637 574 Magistro
654 544 763 567 Waltero
776 544 807 567 de
820 544 978 574 Stapeldone,
992 544 1139 567 Precentore
1151 543 1273 574 ejusdem,

209 576 235 599 in
256 576 408 606 Episcopum
430 577 488 600 Loci
508 577 594 607 ipsius,
617 576 658 600 cui
676 577 784 606 Regium
804 584 934 599 assensum
954 576 1105 599 adhibuistis
1133 575 1225 607 pariter
1248 578 1274 599 et

209 608 326 638 favorem,
340 609 406 632 sicut
422 609 448 632 in
464 609 582 633 confectis
598 617 673 640 super
690 609 737 632 hiis
757 609 847 632 Literis
865 609 947 639 Regiis
963 609 1036 639 plene
1053 608 1140 638 liquet,
1152 610 1274 638 tanquam

210 641 241 664 de
258 641 367 665 Persona
383 642 480 672 ydonea
496 641 619 665 Canonice
637 642 794 670 celebratam,
807 641 957 665 auctoritate
971 649 985 664 a
1000 641 1144 672 supiadicto
1164 641 1274 664 Domino

209 673 401 705 Archiepiscopo
413 674 551 705 specialiter
562 675 594 698 ad
606 674 652 698 hoc
668 674 739 698 nobis
754 674 892 704 commissa,
904 674 1051 697 duxerimus
1069 674 1273 703 confirmandam,

210 706 384 730 Dominacioni
401 710 483 730 vestre
505 707 625 737 Ριειιῃίεεπ
647 709 734 730 tenore
751 693 911 730 Presenciuin
929 706 1083 736 intimamus,
1101 708 1131 730 ut
1151 706 1220 737 quod
1242 692 1274 729 ad

210 746 254 762 vos
272 739 378 763 ulterius
396 739 519 770 pertinere
537 740 676 763 dinoscitur
692 739 841 770 precipiatis,
859 740 879 763 si
897 739 986 770 placet,
1004 739 1056 762 fieri
1074 746 1132 762 cum
1149 739 1274 762 favore——

210 771 299 795 Valeat
310 774 335 795 et
347 772 430 803 vigeat
442 772 597 796 Excellencia
614 774 697 795 vestia
714 772 791 803 Regia
807 772 834 795 in
852 772 956 796 Summo
974 772 1040 802 Rege
1058 772 1156 801 Regum
1172 771 1273 801 pacifico

209 812 254 835 per
265 806 378 835 tempora
389 805 495 828 feliciter
507 805 769 829 duratura!—Datum
782 805 918 835 Radyngie,
931 805 1007 827 tercio
1021 804 1082 828 Idus
1094 804 1187 834 Marcii,
1200 804 1273 828 Anno

211 837 313 861 Domini
325 837 457 861 Millesimo
469 838 638 861 tricentesimo
651 838 758 869 septimo
777 837 817 867 [13
831 837 924 867 March,
935 837 1121 867 1307-8].-f01.
1136 837 1174 861 30.

243 895 327 918 Litera
339 894 410 925 Reqis
418 903 465 926 pro
479 895 664 926 Temporalitate
676 894 845 924 Zibm·anda,—

179 926 326 957 Edwardus,
347 928 393 951 Dei
411 928 492 958 gracia
510 928 564 951 Rex
581 928 677 958 Anglie,
696 928 820 951 Dominus
838 927 966 956 Hibernie,
988 929 1014 950 et
1034 927 1094 950 Dux
1112 926 1273 957 Aquitannie,

211 960 342 990 Militibus,
362 961 457 984 Liberis
475 960 635 990 Hominibus,
657 962 683 983 et
700 960 817 983 omnibus
835 960 888 983 aliis
905 959 1052 983 tenentibus
1072 960 1103 983 de
1120 959 1274 990 Episcopatu

211 992 354 1023 Exoniensi,
364 993 579 1016 salutem.—Cum
591 993 745 1017 Venerabilis
758 993 838 1022 Pater,
849 993 951 1023 Symon,
963 992 1100 1023 Episcopus
1110 992 1274 1022 Sasumensis,

213 1027 239 1048 et
267 1026 387 1056 Magister
416 1026 541 1049 Robertus
564 1026 595 1048 de
618 1026 675 1054 Ros,
703 1025 819 1049 Officialis
843 1025 917 1049 Curie
941 1025 1082 1054 Cautuarie,
1108 1024 1277 1048 Commissarii

211 1057 365 1081 Venerabilis
391 1058 480 1088 Patris,
501 1058 611 1087 Roberti,
639 1058 825 1082 Cantuariensis
854 1057 1045 1088 Archiapiseopi,
1069 1057 1159 1081 Toeius
1184 1057 1274 1088 Anglie

211 1090 336 1120 Primatis,
356 1091 512 1114 Eleccionem
530 1098 611 1121 nuper
629 1091 779 1114 celebratam
797 1090 824 1113 in
842 1090 951 1113 Ecclesia
968 1090 1103 1113 Exonieusi
1120 1090 1151 1113 de
1168 1090 1275 1113 discreto

211 1123 271 1152 viro,
297 1123 417 1153 Magistro
440 1123 550 1147 Waltero
574 1123 605 1146 de
628 1123 786 1154 Stapeldone,
807 1123 955 1146 Precentore
978 1123 1092 1153 ejusdem
1113 1122 1228 1152 Ecclesie,
1248 1123 1274 1146 in

212 1156 366 1186 Episcopum
378 1156 437 1179 Loci
448 1156 522 1185 illius,
536 1156 576 1179 cui
588 1156 657 1186 prius
670 1156 776 1186 Regium
788 1155 926 1179 Assensum
944 1155 1106 1178 adhibuimus
1118 1157 1144 1178 et
1155 1155 1273 1185 favorem,

214 1188 405 1218 confirmaverit,
425 1189 490 1212 sicut
506 1196 550 1219 per
568 1189 664 1211 Literas
682 1189 800 1211 Patentes
817 1188 954 1211 eorundem
971 1188 1088 1218 Episcopi
1106 1190 1133 1211 et
1151 1188 1275 1217 Officialis,

212 1221 284 1244 nobis
301 1221 359 1244 inde
372 1221 485 1250 directas,
498 1221 569 1244 nobis
581 1223 679 1244 constat
692 1229 697 1249 ;
715 1229 767 1250 nos,
782 1220 1005 1244 confirmacionem
1022 1220 1092 1243 illam
1109 1223 1273 1251 acceptantes,

212 1254 323 1284 cepimus
341 1254 501 1277 Fidelitatem
519 1253 632 1284 ejusdem
652 1253 739 1282 Electi,
760 1256 785 1276 et
802 1253 957 1283 Temporalia
978 1253 1143 1283 Episcopatus
1161 1253 1273 1283 predicti,

212 1288 288 1316 prout
300 1286 375 1309 moris
388 1288 432 1315 est,
445 1286 602 1309 restituimus
616 1286 703 1309 eidem.
739 1286 774 1309 Et
789 1286 845 1309 ideo
861 1285 931 1309 vobis
947 1285 1097 1308 mandamus
1109 1286 1177 1316 quod
1193 1286 1274 1309 eidem

211 1319 329 1348 lValtero,
348 1321 469 1349 tanquam
487 1319 609 1349 Episcopo
627 1321 653 1342 et
671 1318 778 1342 Domino
798 1320 888 1347 vestro,
906 1318 932 1341 in
950 1318 1067 1341 omnibus
1084 1325 1133 1348 que
1150 1319 1182 1341 ad
1203 1318 1273 1348 Epis-

211 1355 329 1381 copatum
345 1352 487 1382 predictum
501 1351 636 1382 pertinent,
649 1351 809 1374 intendentes
828 1351 883 1374 sitis
901 1353 926 1374 et
941 1350 1120 1381 respondentes
1140 1350 1167 1374 in
1183 1351 1274 1374 Forma

212 1384 410 1414 predicta—In
434 1384 507 1415 cujus
530 1384 566 1407 rei
588 1383 764 1407 testimonium
787 1383 830 1406 has
855 1383 950 1406 Literas
973 1385 1071 1406 nostras
1094 1383 1148 1406 fieri
1169 1383 1274 1407 fecimus

211 1416 445 1440 Patentes.-Teste
468 1417 569 1447 meipso,
588 1417 655 1447 apud
678 1416 938 1446 WVestmonasterium,
956 1415 998 1447 xvj
1018 1416 1059 1439 die
1076 1415 1176 1446 Aprilis,
1199 1416 1274 1440 Anno

211 1449 291 1479 Regni
303 1449 382 1473 nostri
394 1449 477 1473 Primo
489 1457 495 1479 3
513 1449 572 1473 ibid.

245 1506 329 1530 Litora
340 1507 374 1530 ad
386 1506 530 1537 capiendum
538 1507 657 1536 seysinam
670 1505 906 1536 Temporalitatis,—

184 1539 307 1563 Walterus
325 1539 356 1562 de
379 1539 537 1570 Stapeldone,
564 1538 666 1562 Electus
690 1539 838 1562 Exoniensis
863 1537 1040 1567 Confirmatus,
1064 1537 1155 1562 dilecto
1178 1538 1226 1562 sibi
1247 1539 1274 1563 iu

215 1572 322 1601 Christo,
338 1572 445 1595 Domino
463 1571 573 1595 Johanni
590 1571 702 1602 Toylero,
724 1571 831 1594 salutem
846 1571 873 1594 in
891 1571 999 1594 Domino
1015 1571 1275 1601 sempiternam.—Ad

213 1604 384 1635 recipiendum
401 1606 427 1627 et
444 1605 590 1633 tenendum,
606 1606 692 1627 nostro
709 1604 817 1633 nomine,
830 1604 954 1634 seysinam
972 1604 1002 1626 de
1020 1604 1136 1627 omnibus
1151 1604 1275 1634 Maneriis,

215 1637 302 1666 feodis,
325 1637 455 1666 reditibus,
480 1639 505 1660 et
528 1636 645 1665 serviciiS,
669 1644 727 1659 cum
750 1636 801 1660 suis
824 1636 984 1667 pertinenciis
1011 1636 1219 1667 quibuscumque,
1242 1638 1275 1660 ad

213 1669 393 1700 Episcopatum
411 1669 579 1693 Exoniensem
595 1669 786 1700 pertinentibus,
799 1671 825 1692 te
840 1671 956 1692 nostrum
973 1668 1078 1692 facimus
1090 1668 1274 1699 Attoruatum;

213 1702 255 1732 ita,
272 1702 394 1731 videlicet,
413 1703 480 1733 quod
498 1710 526 1725 ea
543 1709 592 1732 que
609 1701 772 1732 personaliter
787 1709 838 1725 non
854 1701 969 1732 poteritis
986 1709 1030 1731 per
1052 1701 1130 1724 alium
1146 1702 1186 1725 vel
1206 1702 1273 1731 alios,

214 1742 297 1765 quem,
308 1735 347 1758 vel
356 1742 426 1765 quos,
436 1735 468 1758 ad
481 1735 600 1764 premissa
612 1734 778 1764 deputaveris,
791 1734 872 1757 valeas
882 1733 1025 1764 adimplere.
1056 1734 1151 1757 Ratum
1162 1734 1274 1758 habituri

213 1767 334 1798 quicquid
351 1775 394 1797 per
411 1769 444 1796 te,
460 1767 546 1796 alium,
558 1767 598 1790 vel
616 1767 676 1790 alios
693 1766 780 1790 feceris
795 1766 822 1790 in
838 1766 885 1789 hac
902 1766 1111 1797 parte—Datum
1129 1766 1271 1797 Londoniis,

212 1800 260 1822 sub
276 1800 374 1830 privato
391 1799 471 1830 sigillo
488 1802 581 1829 nostro,
599 1799 650 1830 xvij
671 1799 711 1822 die
729 1799 822 1829 Marcii,
839 1799 913 1822 Anno
930 1798 961 1822 ab
978 1798 1153 1822 Incarnacione
1171 1799 1273 1823 Domini

212 1832 344 1855 Millesimo
356 1831 525 1856 tricentesimo
537 1832 644 1863 septimo
654 1839 659 1861 ς
677 1831 734 1856 ibid.

178 1888 212 1918 [A
224 1889 311 1912 Letter
323 1890 349 1912 to
361 1889 405 1912 the
416 1896 484 1912 same
496 1889 568 1912 effect
576 1889 626 1912 and
638 1889 739 1912 written
751 1896 784 1912 on
795 1887 839 1912 the
856 1895 924 1912 same
941 1888 991 1920 day
1007 1888 1110 1919 follows,
1123 1888 1234 1914 directed
1245 1891 1273 1914 to

213 1921 253 1945 Sir
266 1921 380 1953 Geoffrey
389 1922 460 1953 Lucy
471 1922 521 1945 and
533 1921 645 1945 William
656 1922 687 1945 de
700 1921 833 1951 Farnham,
844 1920 940 1951 clerks]¹

244 1978 327 2002 Litora
341 1978 565 2002 Omnmsssarriomm
576 1986 620 2009 pro
637 1977 819 2009 Spimualitate
830 1977 997 2008 liberanda,—

178 2010 238 2034 Viro
250 2011 354 2041 provido
366 2013 392 2034 et
403 2011 517 2040 discreto,
527 2011 647 2041 Magistro
661 2011 785 2034 Willelmo
797 2011 828 2034 de
840 2011 984 2042 Kylkenny,
995 2011 1118 2035 Canonico
1130 2011 1272 2042 Exoniensi,

213 2043 319 2067 Custodi
342 2043 532 2074 Spiritualitatis
553 2043 701 2067 Exoniensis
720 2043 835 2067 Civitatis
853 2046 879 2067 et
896 2043 1020 2074 Dyocesis,
1042 2044 1106 2067 Sede
1122 2044 1272 2075 jampridem

213 2078 324 2105 vacante,
342 2076 471 2106 deputato,
493 2076 595 2106 Symon,
614 2076 774 2106 permissione
797 2076 889 2099 Divina
912 2076 1068 2099 Sarumensis
1085 2077 1230 2107 Episcopus,
1248 2078 1274 2100 et

213 2108 338 2132 Robertus
355 2109 386 2132 de
402 2109 458 2138 Ros,
478 2108 595 2132 Officialis
612 2108 766 2133 Venerabilis
782 2108 871 2138 Patris,
886 2108 988 2132 Domini
1003 2109 1113 2139 Roberti,
1131 2109 1178 2133 Dei
1193 2109 1273 2141 gracia
