1328 2295
193 160 271 186 THE
306 159 490 187 srA'rnrns
526 159 574 186 or
609 159 830 186 STAPELDON
864 158 980 186 HALL.
1096 150 1168 185 309

192 236 291 260 excedat
302 237 326 259 111
337 243 407 266 anno,
419 237 485 265 tunc,
498 243 541 266 pro
557 238 609 260 rata
624 237 738 267 temporis
753 237 820 267 quod
835 237 974 266 excesserat,
988 236 1028 259 fiet
1039 234 1168 259 diminueio

193 266 222 289 de
232 266 313 289 decem
323 267 405 289 solidis
416 267 551 290 antedictis.

134 295 266 324 5.-Qu0d,
278 297 299 319 si
309 296 396 325 aliquis
407 296 515 324 Scolaris,
528 296 590 319 infra
606 297 685 325 spacia
701 297 814 326 temporis
830 297 855 319 in
866 296 954 326 quibus
965 295 1120 318 determinare
1131 293 1169 317 vel

192 325 295 354 incipere
310 326 388 354 debet,
401 333 443 355 per
454 326 564 348 Formam
575 326 665 349 Statuti
681 326 790 355 predicti,
802 333 845 355 per
859 328 961 355 quatuor
976 325 1121 354 septimanas
1131 323 1170 346 vel

193 356 279 381 minus,
302 355 382 384 semel,
395 356 439 384 bis,
465 357 502 377 vel
523 356 621 384 plurieS,
645 357 668 378 et
689 363 737 378 uno
756 363 816 378 anno
834 363 881 378 una
898 356 948 378 vice
968 356 1109 382 infirmetur,
1127 353 1170 375 illa

193 385 319 407 infirmitas
329 385 458 407 terminum
467 385 678 408 Determinacionis
689 386 726 408 vel
738 386 884 414 Incepcionis
895 385 991 407 minime
1002 383 1154 413 prolongabit
1163 390 1168 410 ;

193 414 220 441 si,
234 416 322 443 autem,
335 421 377 443 per
392 415 469 443 majus
485 415 591 444 spacium
607 422 679 444 quam
695 417 799 444 quatuor
814 415 966 444 septimanas,
978 414 1058 441 semel,
1069 413 1114 441 bis,
1127 413 1170 435 aut

191 444 279 472 pluries
296 451 344 466 uua
354 444 404 466 viee
420 445 445 466 in
461 451 509 466 uno
525 451 586 466 anno
602 445 675 467 fuerit
691 445 725 467 ita
740 445 843 473 graviter
858 445 993 466 infirmatus
1009 443 1073 472 quod
1086 448 1169 465 vacare

193 480 240 495 non
256 473 345 502 poterit
360 473 453 496 actibus
469 474 599 496 scolasticis
615 475 639 496 et
650 474 772 496 scolastice
784 474 916 503 discipline,
928 475 1024 502 tempus
1035 472 1168 495 Determin-

195 503 283 525 acionis
299 505 323 525 et
334 503 480 532 Incepcionis
496 510 539 532 pro
555 505 607 525 rata
623 503 688 525 illius
704 504 818 532 temporis
834 503 899 532 quod
915 503 1022 531 excessit,
1035 509 1064 524 ex
1076 502 1169 530 dispen-

193 532 286 555 sacione
296 533 403 555 Rectoris
414 534 438 555 et
448 532 544 561 majoris
555 533 630 562 partis
641 533 768 555 eorundem
780 533 919 561 Scolarium,
930 532 1019 561 poterit
1029 532 1050 554 si
1061 531 1170 560 oporteat

194 562 342 590 prolongari;
360 562 394 584 ita
412 562 483 591 quod,
496 563 559 585 facta
578 562 716 590 hujusmodi
733 562 913 591 prolongacione
929 569 972 591 pro
988 563 1039 584 rata
1054 560 1170 590 temporis

194 592 332 620 supradicti,
352 592 520 614 determinabit
536 592 574 614 vel
590 592 688 621 incipiet
706 592 746 614 ille
764 592 806 621 qui
825 592 858 614 sic
875 592 1010 614 infirmatus
1029 591 1109 618 fuerit,
1126 589 1169 612 illo

194 628 255 643 anno
266 621 303 643 vel
314 621 429 650 sequenti,
442 628 514 650 quam
526 622 573 644 cito
584 622 681 643 comode
699 622 749 643 fieri
766 622 862 650 poterit,
876 622 972 650 captata
988 620 1170 650 opportunitate

194 650 367 673 determinandi
378 651 415 673 vel
426 651 555 680 incipiendi
566 651 696 673 secundum
707 658 795 673 morem
808 651 832 673 in
843 651 951 680 predicta
962 650 1131 673 Universitate.

76 695 112 718 On
123 695 165 718 the
176 696 232 719 l9th
243 697 269 719 of
282 697 350 725 July,
363 697 428 725 1325,
440 697 481 720 the
493 697 583 726 Bishop
599 697 680 720 issued
695 697 733 720 his
744 697 854 727 Rescript
864 697 901 720 for
911 697 1001 720 certain
1012 695 1133 720 additions
1144 697 1169 719 to

103 725 133 748 be
143 726 212 748 made
222 727 248 749 to
258 726 296 749 his
307 726 455 755 Statuas,—

135 764 266 787 L—“Sub
293 764 397 787 Rubi-ica
417 765 452 787 De
473 765 645 794 Snlwoyacsone
667 765 781 793 nectaris,
804 765 838 787 rel
868 765 978 793 ›S‘colccris,
1008 764 1111 787 cedentis
1134 763 1170 786 2cm

195 793 325 816 decedentis
335 803 372 817 :-⁷
389 812 394 817 .
414 811 419 817 .
438 811 442 817 .
463 795 524 816 Item
550 795 687 817 ordinamus
704 812 708 817 .
729 812 734 817 .
754 811 759 817 .
778 795 842 823 quod
868 802 949 817 omnes
976 794 1080 817 Scolares
1106 793 1170 816 dicte

194 824 264 851 Aule,
282 831 362 846 vocem
380 824 404 846 in
422 824 543 846 Eleccioue
560 825 667 846 Rectoris
684 825 759 853 ipsius
778 824 899 853 habentes,
913 826 1019 853 tempore
1035 824 1064 846 de
1081 830 1129 852 quo
1146 823 1171 845 in

196 853 293 876 Statuto
312 853 419 882 predicto
436 854 464 876 fit
482 854 581 881 mencio,
609 854 634 875 111
657 854 710 882 ipsa
735 854 856 876 Eleccione
874 871 879 876 .
898 870 902 876 .
923 870 928 876 .
946 853 1102 883 personaliter
1122 853 1171 875 sint

194 884 329 911 presentes;
356 883 463 912 alioquin
483 883 519 905 1111
540 884 580 912 qui
604 883 683 905 taliter
709 884 829 912 presentes
855 883 944 905 fuerint
970 883 1000 905 ad
1022 882 1170 905 Eleccioneni

195 912 302 935 Rectoris
313 913 389 941 ipsius
398 913 469 941 juxta
479 913 593 935 traditam
604 913 637 935 eis
649 913 758 935 Formam
770 913 905 942 procedant,
924 913 1027 935 aliorum
1038 912 1170 936 Scolarium

195 942 253 964 tuuc
271 942 406 964 absencium
426 942 563 965 nullatenus
582 944 707 971 expectata
725 943 845 971 presencia
861 942 899 964 vel
917 942 1027 965 absencia
1043 943 1170 969 excusata;

196 971 316 1000 iidemque
336 972 445 994 absentes
466 978 522 994 voce
543 972 567 994 in
589 972 710 994 Eleccione
733 972 871 1000 hujusmodi
897 973 991 994 careant
1018 979 1045 994 ea
1065 972 1123 999 vice,
1146 972 1171 993 et

196 1001 364 1023 nichilominus
381 1008 518 1023 commun-as
535 1008 589 1023 suas
606 1009 648 1030 per
665 1002 725 1024 duas
741 1002 885 1030 septimanas
902 1003 1029 1030 postquam
1040 1001 1171 1023 addictam

196 1030 283 1053 Aulam
302 1031 414 1053 redierint
433 1031 553 1058 amittant,
567 1031 613 1053 nisi
632 1031 703 1053 iidem
715 1031 824 1053 absentes
836 1038 863 1053 eo
874 1032 980 1060 tempore
992 1032 1058 1053 extra
1070 1030 1171 1053 Munici-

196 1060 263 1088 pium
285 1060 417 1082 Oxoniense
445 1060 600 1089 antedictum,
628 1067 657 1082 ex
688 1061 827 1083 infirmitate
853 1061 890 1082 vel
916 1061 969 1083 aliis
995 1060 1172 1089 impedimentis

198 1090 318 1118 legitimis,
331 1089 422 1112 detenti
440 1090 528 1112 fuerint
539 1097 587 1119 quo
602 1090 681 1112 minus
698 1090 775 1112 eidem
792 1090 910 1112 Eleceioni
926 1090 1056 1119 potuerint,
1074 1091 1103 1112 ut
1121 1096 1172 1118 pre-

198 1119 309 1147 mittitur,
323 1119 450 1147 interesse;
467 1126 514 1148 quo
531 1126 594 1143 casu.
612 1120 675 1141 facta
694 1120 739 1141 fide
757 1126 828 1148 super
844 1119 984 1148 hujusmodi
1002 1119 1173 1148 impedimento

197 1155 276 1171 eoram
288 1149 386 1171 Rectore
402 1150 426 1171 et
442 1149 535 1171 duobus
551 1149 581 1171 ad
597 1149 676 1171 minus
688 1149 769 1177 Sociis,
782 1149 917 1172 Scolaribus
928 1149 991 1171 dicte
1002 1149 1072 1177 Aule,
1085 1149 1106 1171 si
1116 1155 1173 1171 voce

198 1178 223 1200 in
241 1178 371 1206 Eleecione,
384 1180 412 1201 ut
422 1178 561 1207 predicitur,
574 1180 669 1201 careant
686 1185 713 1201 ea
730 1179 788 1206 vice,
801 1179 920 1207 nolumus,
934 1180 1021 1206 tamen,
1035 1179 1100 1208 quod
1117 1185 1173 1201 suas

197 1208 336 1237 hujusmodi
353 1215 490 1230 communas
508 1208 634 1236 amittant,
662 1209 698 1230 set
721 1208 787 1236 ipsis,
806 1209 933 1237 postquam
951 1208 1072 1237 redierint,
1093 1209 1121 1231 ut
1138 1208 1175 1230 est

197 1237 297 1265 dictum,
310 1237 338 1260 de
349 1238 480 1260 communis
492 1238 541 1260 suis
552 1238 576 1259 in
588 1244 614 1259 eo
626 1244 682 1259 casu
693 1237 764 1260 sicuti
775 1238 827 1260 aliis
838 1238 947 1260 satisfiat.

138 1267 243 1290 2.-—Sub
266 1267 370 1289 Rubrica
388 1267 425 1289 Dc
446 1267 619 1296 Dz'spatacimze
645 1267 967 1289 Scolarizrm2-01·dinamus
993 1267 1065 1296 quod,
1093 1274 1122 1290 ex
1149 1267 1174 1289 vi

198 1297 289 1319 Statuti
307 1296 379 1319 iidem
397 1297 505 1325 Magistri
523 1298 547 1319 et
564 1296 669 1319 Seolares
687 1297 710 1318 in
728 1297 798 1319 inicio
818 1297 1017 1325 Disputacionum
1033 1296 1173 1325 hujusmodi

198 1326 308 1348 intersint
326 1326 421 1353 eisdem,
441 1327 465 1348 et
481 1328 603 1348 morentur
620 1333 743 1355 quousque
762 1326 842 1348 eedem
861 1326 1042 1355 Disputaeiones
1059 1327 1174 1349 finiantur

199 1356 301 1384 omnino,
315 1356 360 1377 nisi
371 1356 450 1378 forsan
461 1356 547 1385 aliquis
558 1356 611 1384 ipso
622 1356 701 1384 quoad
712 1356 756 1378 hoe
767 1356 839 1378 fuerit
855 1356 960 1384 legitime
971 1356 1101 1385 impeditus
1112 1356 1174 1378 circa

198 1386 274 1414 ipsius
290 1385 352 1407 Aule
370 1386 466 1414 negocia
482 1386 611 1407 necessaria
630 1392 671 1407 seu
690 1385 767 1413 utilia,
784 1386 822 1407 hic
841 1386 945 1408 existens
958 1386 995 1407 vel
1014 1386 1072 1408 alias
1089 1385 1173 1408 absens

198 1415 271 1437 suerit
292 1422 321 1437 ex
338 1422 408 1437 causa
426 1415 571 1443 racionabili,
585 1422 626 1443 per
644 1415 768 1437 Rectorem
787 1422 829 1437 seu
840 1416 902 1437 vices
918 1415 994 1444 ipsius
1005 1416 1132 1444 gerentem,
1145 1416 1174 1437 ut

198 1445 353 1473 premittitur,
366 1444 526 1473 approbanda.

140 1474 264 1502 3.—Item,
283 1491 288 1497 .
308 1491 313 1496 .
332 1491 337 1497 .
356 1474 494 1496 ordinamus
522 1475 546 1496 et
572 1474 701 1496 statuimus
727 1474 791 1502 quod
822 1474 903 1496 nullus
929 1474 958 1496 de
985 1474 1106 1504 Magistris
1132 1481 1174 1497 seu

199 1504 333 1526 Scolaribus
352 1504 415 1526 dicte
433 1503 494 1525 Aule
511 1505 578 1526 extra
594 1506 661 1532 septa
678 1504 784 1532 ejusdem
806 1504 867 1526 Aule
889 1504 917 1526 de
938 1505 1015 1527 cetero
1036 1505 1174 1533 pernoctare

198 1535 328 1563 presumat,
349 1533 408 1555 dum
426 1533 451 1555 in
470 1533 630 1556 Universitatc
650 1533 777 1555 Oxoniensi
795 1540 884 1556 moram
903 1534 967 1561 facit,
990 1534 1036 1556 nisi
1052 1541 1081 1556 ex
1103 1540 1175 1556 causa

199 1563 337 1585 racionabili
355 1563 477 1591 predicta;
495 1562 556 1592 [nec]
573 1563 678 1585 Scolares
697 1563 803 1585 extranei
824 1563 854 1585 ad
872 1563 1062 1592 inhabitandum,
1081 1563 1127 1586 nisi
1146 1563 1175 1585 de

200 1599 315 1615 consensu
334 1592 440 1614 omnium
457 1592 587 1615 Scolarium
606 1593 669 1614 dicte
690 1592 760 1620 Aule,
780 1592 817 1614 vel
838 1593 922 1615 saltem
944 1593 1042 1615 duarum
1065 1593 1173 1622 parcium

198 1622 333 1650 eorundem,
353 1622 381 1644 de
399 1623 475 1644 cetero
492 1622 658 1649 admittantur,
672 1624 696 1644 et
712 1623 757 1644 nisi
773 1622 802 1644 de
817 1624 898 1645 nostra
915 1623 1119 1650 consanguinitate
1137 1622 1174 1644 vel

200 1652 290 1674 familia
307 1652 404 1678 fuerint,
418 1658 471 1674 cum
489 1651 549 1673 illud
566 1651 634 1673 nobis
650 1652 728 1680 quoad
746 1652 805 1674 tales
821 1652 955 1680 specialiter
971 1652 1078 1674 ordinare
1094 1652 1172 1680 liceat,

199 1681 241 1710 qui
259 1681 320 1703 circa
336 1681 510 1703 Fundacionem
528 1681 590 1703 dicte
608 1681 669 1703 Aule
686 1688 767 1709 graves
784 1682 941 1704 sustinuimus
960 1682 1060 1710 labores,
1077 1683 1105 1705 ut
1123 1688 1172 1711 pre-

199 1711 315 1739 misimus,
326 1711 415 1740 pariter
425 1712 449 1733 et
459 1717 581 1739 expensas.

142 1741 265 1768 4.—1tem‚
285 1757 290 1763 .
309 1758 314 1763 .
334 1757 339 1763 .
358 1740 494 1762 ordinamus
511 1741 535 1762 et
554 1740 681 1762 statuimus
700 1740 772 1769 quod,
792 1747 846 1763 cum
868 1741 928 1763 infra
949 1742 1017 1770 septa
1032 1741 1095 1763 dicte
1112 1740 1174 1763 Aule

202 1770 305 1799 Capella,
318 1777 361 1799 pro
373 1770 465 1792 Divinis
478 1769 565 1792 Officiis
581 1770 734 1797 celebrandis,
747 1771 837 1792 situata
853 1770 932 1799 fuerit,
945 1771 1003 1793 satis
1014 1771 1105 1798 decens,
1119 1777 1174 1793 cum

201 1800 278 1822 Libris
300 1801 324 1822 et
345 1799 494 1822 Ornamentis
515 1799 687 1821 sufficientibus
713 1806 755 1828 pro
782 1800 877 1828 eisdem,
898 1801 922 1822 et
948 1807 1011 1822 unus
1032 1800 1174 1829 Capellanus

201 1829 308 1857 ydoneus
320 1829 350 1851 ad
361 1829 527 1851 celebrandum
539 1829 563 1851 in
574 1836 601 1851 ea
612 1829 698 1851 Divina
711 1829 792 1851 Officia
808 1830 942 1858 specialiter
952 1829 1097 1858 intitulatus,
1117 1846 1122 1852 .
1142 1846 1147 1852 .
1166 1846 1171 1852 .

201 1859 309 1887 Magistri
328 1859 352 1880 et
368 1858 481 1886 Scolares,
501 1865 581 1880 omnes
602 1860 626 1880 et
648 1859 743 1887 singuli,
767 1859 829 1881 dicte
851 1859 919 1887 Aule,
942 1859 1041 1887 singulis
1062 1859 1174 1888 precipue

202 1888 292 1910 Diebus
314 1888 489 1913 Don1inicis';et
506 1888 559 1910 aliis
576 1888 683 1915 Festivis,
704 1895 750 1916 que
767 1895 781 1910 a
798 1888 859 1910 clero
877 1890 900 1911 et
916 1889 1006 1917 populo
1023 1889 1176 1918 solempniter

201 1917 357 1946 celebrantur,
369 1917 462 1939 Divinis
473 1917 561 1939 Officiis
578 1918 601 1939 111
618 1918 682 1939 dicta
698 1917 801 1946 Capella,
814 1925 856 1946 per
866 1918 1022 1947 Capellauum
1038 1918 1176 1946 hujusmodi

202 1947 354 1975 celebrandis,
374 1947 404 1969 ab
416 1947 551 1976 iucepcioue
572 1947 656 1969 saltem
674 1947 753 1973 31isse,
772 1954 826 1969 cum
843 1948 902 1969 inibi
924 1948 1014 1970 Diebus
1036 1947 1175 1977 hujusmodi

205 1977 300 1999 Missam
314 1977 425 1999 celebrari
444 1977 575 2005 contigerit,
589 1983 714 2005 quousque
726 1977 799 1998 Missa
817 1977 869 2005 ipsa
886 1977 989 2006 plenarie
1006 1977 1038 2000 sit
1049 1977 1175 2006 completa,

201 2006 325 2033 intersint,
342 2006 388 2028 nisi
399 2013 427 2028 ex
439 2013 509 2028 causa
519 2006 657 2028 racionabili
673 2013 714 2035 per
726 2006 847 2028 Rectorem
860 2007 994 2035 predictum
1005 2014 1047 2029 seu
1057 2008 1176 2036 gerentem

202 2036 264 2058 vices
276 2036 351 2064 ipsius
362 2035 523 2064 approbanda,
536 2036 625 2058 suerint
636 2036 735 2058 iorsitan
746 2036 863 2064 impediti.

144 2065 267 2092 5.-—Ite1n‚
281 2065 391 2087 volumus
410 2066 434 2087 et
450 2065 595 2093 ordinamus,
613 2072 660 2087 nun
678 2072 707 2086 ox
726 2065 749 2087 vi
763 2065 861 2093 Statuti,
874 2067 910 2088 set
926 2066 1092 2088 tantummodo
1109 2073 1138 2088 ex
1154 2066 1177 2088 vi

203 2094 342 2116 monicionis
358 2096 382 2117 et
398 2095 511 2123 precepti,
524 2095 596 2123 quod,
610 2095 668 2116 dum
684 2095 756 2116 iidem
768 2095 880 2123 Seolares,
894 2095 918 2117 in
939 2096 1028 2123 majore
1049 2096 1178 2118 refeccione

202 2125 227 2147 et
243 2124 266 2146 in
283 2131 346 2153 cena,
359 2125 383 2148 et
400 2125 425 2147 in
441 2131 530 2154 mensa,
543 2124 595 2147 vel-x
605 2124 655 2153 lias,
670 2124 742 2147 simul
753 2125 842 2148 suerint
852 2125 994 2154 congregati,
1007 2125 1101 2148 nullum
1112 2124 1179 2148 aliud
