1328 2295
159 165 230 200 304
358 175 436 201 THE
453 176 638 203 REG1s'rER
655 176 703 203 OF
720 177 862 203 BISHOP
879 177 1111 206 STAPELDON.

222 251 258 276 At
269 255 371 284 present
382 254 544 279 Unattached
554 255 677 280 Students
689 255 765 287 enjoy
776 255 820 279 the
832 256 970 287 advantage
982 257 1009 281 of
1020 265 1034 281 a
1045 257 1140 282 careful
1150 258 1313 289 supervision,

254 286 336 310 which
347 288 439 317 guards
451 288 549 319 against
560 288 603 312 the
615 289 675 312 evils
687 289 745 312 that
757 288 858 313 Merton
870 290 918 313 and
932 290 1070 322 Stapeldon
1081 291 1132 315 had
1151 291 1236 315 before
1246 290 1314 315 their

255 326 320 350 eyes.
355 319 476 350 [o.w.B.,
491 321 569 345 Exon.
585 321 644 345 Con.
660 320 735 352 Soc.].

157 361 391 396 &minutiones
419 364 556 405 &nmini
585 365 738 401 &aliem
767 365 830 405 &ei
864 366 969 405 qratia
1002 377 1086 401 mnu:
1114 368 1313 402 oxnnienziz

244 404 411 445 (opizzoni,
447 417 545 448 super
582 409 673 438 statu
711 407 893 439 Scolarium
922 408 1011 447 gule
1045 409 1082 441 he
1109 409 1312 449 §tapzlhmtz

248 447 356 487 fflinlle,
385 449 421 481 iu
450 449 670 483 &uinci-§itate
700 449 824 483 oxonio
855 451 1056 492 degeneium,
1082 462 1141 494 per
1170 452 1311 484 eundem

241 493 439 535 Episcopum
455 492 551 530 facte,
575 495 608 525 et
628 504 686 535 per
702 494 830 525 eosdem
848 494 993 526 Scolares
1008 495 1196 537 approbate,
1212 496 1310 528 Anno

239 536 375 568 Domini
409 537 584 569 Millesimo
618 537 840 570 tricentesimo
873 538 1103 577 sextodecimo,
1125 539 1161 571 in
1191 539 1311 572 Forma

236 580 449 623 subsequenti
460 592 510 612 :—

525 636 572 677 &a
587 646 715 669 numero
730 637 927 677 §solatium

210 685 240 708 111
250 685 314 708 Aula
329 685 359 708 de
375 685 519 715 Stapeldone
531 686 610 714 Halle,
624 686 721 714 Oxonie,
735 686 784 708 sint
799 686 924 709 tresdecim
936 686 1050 715 Scolares,
1063 693 1164 716 quorum
1181 686 1308 709 duodecim

238 715 263 738 in
274 715 436 744 Philosophia,
450 717 474 738 et
489 716 577 738 tercius
587 716 701 744 decirriuS,
715 716 839 744 presbiter,
852 716 877 738 iu
887 716 957 738 Sacra
968 716 1057 745 Pagina
1067 716 1105 739 vel
1116 716 1132 738 J
1134 723 1176 738 ure
1188 716 1307 739 Canonico

239 745 379 773 >tudentes3
396 747 420 767 et
436 745 525 774 plures,
538 746 558 767 si
574 746 603 767 ad
620 745 665 767 hoc
681 752 762 768 eorum
774 746 921 768 excreverint
931 746 1064 769 facultates.
1098 746 1226 774 Numerus,
1239 752 1303 774 ver0,

237 775 360 803 predictus
378 782 408 797 ex
424 775 580 797 Ordinacione
596 775 693 797 Domini
706 775 813 804 Walteri,
826 775 871 797 Dei
886 776 964 803 gracia
980 775 1122 798 Exoniensis
1134 775 1245 804 Episcopi
1264 776 1307 804 qui

236 811 300 826 nunc
316 806 359 833 est,
371 805 449 833 prima
464 805 514 827 vice
529 805 690 833 cmupleatum
704 804 748 833 vel,
761 805 813 834 ipso
825 805 953 827 decedente
968 806 1096 834 antequam
1106 805 1262 835 compleatur,
1276 805 1306 828 ad

236 834 407 864 preficiendum
418 834 559 864 hujusmodi
570 834 676 857 scolares
687 841 729 863 per
739 835 803 857 hunc
814 835 912 857 modum
923 835 1106 864 procedatur,—

510 880 559 921 ξε
575 880 736 915 OElettimte
751 880 945 921 §solarium

207 929 337 958 Imprimis,
350 931 478 952 onerentur
496 930 591 959 singuli,
604 930 629 951 in
642 930 731 952 virtute
747 930 878 958 juramenti
893 930 918 952 in
929 937 1011 953 eorum
1023 930 1130 959 ingressu
1140 930 1244 959 prestiti,
1257 930 1303 958 vel,

235 960 256 982 si
274 960 392 989 oporteat,
411 960 440 982 de
461 966 522 982 novo
541 959 671 989 prestandi,
690 960 764 988 quod,
785 961 891 982 cessante
908 960 973 982 omni
990 960 1078 989 favore,
1096 960 1189 988 timore,
1208 961 1233 983 et
1249 967 1302 982 con-

234 989 395 1016 sanguinitate
415 989 453 1011 vel
474 996 561 1017 amore,
584 989 638 1011 illos
656 989 815 1011 nominabunt
835 996 895 1018 quos
917 989 1059 1012 crediderint
1078 990 1108 1012 ad
1129 990 1302 1019 proficiendum

232 1019 346 1048 apciores,
358 1019 383 1041 in
394 1019 501 1041 moribus
512 1019 666 1047 honestiores,
680 1020 704 1041 et
715 1019 740 1041 in
750 1019 907 1041 facultatibus
917 1020 1078 1048 pauperiores,
1091 1019 1136 1048 vel,
1146 1019 1234 1048 saltim,
1247 1019 1303 1042 illos

233 1049 258 1071 in
279 1055 339 1078 quos
360 1049 406 1071 iste
426 1050 474 1071 tres
495 1049 644 1071 condiciones
665 1049 740 1077 magis
761 1049 921 1077 conveniunt;
937 1049 1003 1077 dum,
1023 1050 1112 1077 tamen,
1131 1049 1233 1078 eligendi
1253 1049 1303 1072 sint

232 1078 375 1101 sufficientes
390 1078 502 1107 Sophiste
513 1078 542 1100 ad
557 1079 643 1106 minus,
657 1079 681 1100 et
694 1078 723 1100 de
734 1078 836 1107 Dyocesi
847 1079 974 1100 Exoniensi
991 1079 1092 1107 oriundi,
1105 1079 1143 1101 vel
1158 1085 1201 1108 per
1210 1085 1302 1101 moram

232 1108 290 1130 facti
309 1108 384 1130 incole
401 1108 499 1130 ibidem.
543 1108 584 1130 Set
600 1108 630 1130 de
647 1108 718 1130 dictis
739 1108 875 1130 Scolaribus
891 1108 920 1130 de
939 1108 1179 1131 Archidiaconatibus
1200 1108 1299 1137 Exonie,

233 1138 353 1166 Tottonie,
374 1139 397 1160 et
416 1138 596 1166 Barnastapolie
613 1138 661 1160 sint
679 1139 740 1165 octo,
753 1139 777 1159 et
794 1138 822 1160 de
840 1137 1043 1160 Archidiaconatu
1061 1138 1179 1161 Cornubie
1198 1139 1302 1167 quatuor

234 1167 340 1190 Scolares
358 1167 387 1190 de
406 1174 505 1189 numero
516 1167 661 1196 supradicto.
694 1167 905 1196 Terciusdecimus,
918 1174 981 1196 vero,
994 1167 1104 1196 Scolaris,
1117 1168 1159 1196 qui
1169 1168 1240 1190 debet
1251 1174 1301 1190 esse

232 1197 357 1226 presbiter.
378 1204 420 1226 per
437 1197 577 1225 Capitulum
594 1197 726 1219 Exoniense
744 1197 852 1225 eligatur,
874 1198 898 1219 et
915 1197 1004 1219 eisdem
1022 1197 1157 1220 Scolaribus
1175 1204 1218 1226 per
1235 1197 1300 1220 idem

232 1227 371 1256 Capitulum
391 1228 547 1256 presentetur,
562 1228 586 1249 et
603 1233 632 1248 ex
646 1228 703 1248 tunc
714 1227 804 1255 absque
816 1226 956 1249 difficultate
967 1227 1075 1256 qualibet
1085 1227 1233 1250 admittatur.
1268 1227 1300 1250 Et

232 1257 260 1285 si,
274 1258 364 1285 postea,
379 1257 458 1278 minus
475 1256 581 1285 ydoneus
598 1256 710 1278 inventus
727 1256 808 1284 fucrit,
821 1257 966 1284 amoveatur,
980 1258 1004 1278 et
1016 1256 1047 1278 ad
1058 1256 1196 1279 concordem
1208 1256 1297 1279 denun-

231 1286 360 1308 ciacioneni
376 1286 496 1308 dictorum
508 1286 647 1313 Scolarium,
660 1286 698 1307 vel
715 1285 816 1307 duarum
827 1286 934 1314 parcium
946 1286 1061 1315 ipsorum,
1074 1286 1135 1308 alius
1146 1286 1260 1315 ydoneus,
1274 1286 1299 1309 in

232 1316 318 1338 Forma
329 1316 443 1344 predicta,
461 1322 502 1344 per
513 1316 574 1337 idern
588 1315 727 1344 Capitulum
738 1315 790 1337 loco
802 1316 838 1337 sui
850 1315 957 1338 celeriter
967 1316 1117 1344 subrogetur.
1152 1316 1182 1338 Et
1192 1316 1212 1338 si
1224 1316 1298 1345 aliqui

231 1345 324 1368 Fideles
341 1345 432 1368 Christi
449 1345 478 1368 de
497 1345 550 1367 aliis
564 1345 712 1373 Dyoccsibus
728 1345 854 1367 facultates
868 1345 988 1367 dictorum
1006 1345 1138 1368 Scolarium
1161 1348 1297 1374 augmenta-

230 1375 315 1403 verint,
329 1382 358 1397 ex
373 1376 431 1397 tunc
446 1375 474 1397 de
493 1375 541 1396 illis
552 1374 701 1402 Dyocesibus
712 1374 735 1396 in
747 1374 837 1403 quibus
847 1374 974 1397 facultates
985 1376 1138 1403 augmentate
1148 1375 1245 1404 fuerint,
1258 1375 1297 1398 vel

229 1406 303 1433 prout
317 1406 483 1433 augmentator
493 1405 646 1433 disposuerit,
659 1411 702 1433 pro
714 1404 849 1433 quantitate
865 1404 972 1433 ipsarum
989 1404 1131 1427 facultatum
1148 1404 1296 1433 hujusmodi,

229 1434 335 1457 Scolares
346 1435 465 1463 eligantur
475 1435 499 1456 et
510 1435 649 1463 augeantur.
683 1434 720 1462 Et,
734 1434 796 1456 facta
810 1433 949 1462 hujusmodi
960 1434 1124 1456 nominacione
1134 1434 1297 1463 eligendorum

229 1464 325 1493 publice
344 1464 381 1486 vel
398 1465 496 1491 secreto,
517 1465 541 1486 et
558 1470 605 1485 non
623 1463 747 1485 observata
764 1463 849 1485 Forma
866 1470 912 1492 que
929 1464 953 1485 in
972 1463 1137 1486 Eleecionibus
1148 1463 1298 1487 Prelatorum

228 1494 367 1522 requiritur,
389 1494 425 1516 illi
446 1494 471 1515 in
492 1494 579 1515 Forma
599 1500 645 1522 que
666 1493 821 1522 subsequitur
841 1493 1002 1515 admittantur
1022 1494 1047 1515 in
1068 1500 1128 1522 quos
1149 1493 1196 1515 due
1216 1495 1297 1523 partes

229 1523 359 1546 Scolarium
372 1523 540 1551 consenserint,
553 1523 643 1551 absque
659 1523 740 1551 aliqua
756 1523 802 1544 alia
813 1523 989 1544 examinacione
1000 1530 1070 1545 cause
1081 1523 1296 1546 contradicencium

228 1553 266 1575 vel
277 1560 324 1575 non
335 1553 537 1575 consenciencium
547 1560 552 1581 ;
565 1553 614 1581 qui,
625 1552 645 1574 si
656 1554 739 1574 contra
749 1552 919 1574 conscienciam
931 1552 1044 1581 clegerint
1051 1552 1088 1575 vel
1099 1553 1294 1582 contradixerint,

227 1583 307 1611 preter
323 1583 455 1611 perjurium
472 1582 539 1611 quod
555 1582 688 1609 incurrunt,
707 1582 785 1603 solum
803 1582 881 1604 Deum
898 1582 1001 1604 ultorem
1018 1583 1152 1611 expectent.
1186 1582 1218 1611 Si,
1230 1589 1294 1611 vero,

228 1612 275 1634 due
285 1614 365 1641 partes
376 1619 423 1634 non
442 1612 603 1634 consenserint
621 1612 645 1633 in
657 1611 780 1633 Eleccione
796 1611 935 1640 hujusmodi
946 1611 1087 1640 Scolarium,
1099 1613 1157 1634 tunc
1168 1612 1200 1634 sit
1210 1612 1295 1635 rectifi-

228 1642 292 1664 cacio
304 1642 401 1664 Domini
413 1641 552 1664 Cancellarii
564 1641 713 1669 Oxoniensis,
726 1641 766 1670 qui
784 1648 828 1670 pro
839 1643 946 1670 tempore
957 1641 1037 1669 fuerit,
1050 1641 1091 1670 qui
1102 1641 1183 1670 prefici
1192 1642 1295 1665 debeant

227 1672 257 1694 de
273 1671 402 1694 nominatis
421 1671 452 1693 ab
468 1671 544 1700 ipsis;
568 1671 633 1699 dum,
654 1672 742 1699 tamen,
763 1677 804 1692 sex
820 1677 890 1693 voces
908 1670 938 1692 ad
955 1671 1035 1693 minus
1051 1670 1140 1693 habeat
1156 1671 1296 1700 hujusmodi

225 1701 390 1730 preficiendus.
423 1701 493 1728 Quod
504 1701 522 1723 si
535 1700 616 1723 nullus
627 1707 668 1722 sex
679 1707 747 1722 voces
757 1700 853 1728 habeat,
862 1701 912 1722 tam
923 1700 966 1722 diu
977 1702 1071 1723 careant
1082 1707 1162 1723 omnes
1173 1703 1197 1724 et
1208 1701 1296 1731 singuli

224 1731 275 1754 suis
286 1731 419 1754 communis
430 1737 556 1760 quousque
567 1737 608 1752 sex
620 1729 781 1752 consenseriut
792 1730 817 1752 in
827 1736 900 1752 unam
911 1736 1044 1759 personam.

310 1777 359 1818 &a
375 1777 546 1812 (extritione,
565 1776 686 1811 (Dffl'cio,
702 1777 733 1808 et
747 1776 888 1816 fflmniuc
903 1776 1115 1816 {fircssiheutiz-

194 1827 307 1855 Predicti,
321 1827 410 1854 autem,
423 1826 528 1848 Scolares
539 1825 643 1848 habeant
653 1831 725 1854 super
736 1831 760 1847 se
771 1832 847 1847 unum
857 1825 887 1847 de
898 1825 987 1847 eisdem
998 1825 1134 1848 Scolaribus
1144 1825 1293 1854 superinten-

224 1857 328 1884 dentem,
342 1856 384 1885 qui
402 1857 500 1878 vocetur
515 1855 602 1877 Rector
620 1855 743 1884 ipsorum3
761 1855 803 1883 qui
821 1854 850 1876 de
867 1855 965 1877 cameris
983 1855 1083 1883 ordinet,
1102 1856 1127 1877 et
1144 1856 1184 1884 qui
1203 1857 1227 1878 et
1246 1863 1294 1885 qua

223 1886 326 1908 debeant
347 1885 497 1908 commorari:
523 1885 618 1913 proviso
639 1884 704 1913 quod
732 1884 841 1913 Magistri
868 1884 1007 1913 Baculan‘is,
1034 1884 1293 1913 sophistis—Senimes

224 1915 334 1944 Magisn·i
351 1915 501 1942 Junioribus,
524 1914 644 1936 Bacularii
665 1914 773 1936 Seniores
791 1914 942 1942 sanioribus,
966 1915 990 1936 et
1011 1914 1122 1943 Sophiste
1143 1915 1290 1943 antiquiores

220 1945 366 1974 junioribus,
379 1944 403 1966 in
415 1944 563 1966 assecucione
574 1950 719 1966 camerarum
730 1943 888 1972 preferantur,
900 1943 947 1965 nisi
964 1943 1000 1965 illi
1011 1950 1071 1972 quos
1085 1950 1121 1966 res
1132 1945 1215 1973 tanget
1225 1945 1290 1974 quod

222 1975 291 1997 aliter
298 1974 340 1996 fiat
348 1974 421 2002 gratis
431 1974 549 1996 volueriut
557 1974 696 1995 consentire.
730 1973 865 2000 Provideat,
875 1973 957 1998 eciam.
968 1973 1079 1995 comitive
1088 1973 1116 1995 de
1123 1975 1287 2004 servitoribus,

221 2005 256 2027 ita
267 2004 333 2032 quod
344 2010 415 2032 quam
433 2004 479 2025 cito
499 2003 586 2031 aliquis
603 2003 704 2025 servitor
719 2002 814 2024 duobus
826 2002 931 2030 (duabus
943 2002 1004 2031 MS.)
1016 2002 1146 2025 Scolarium
1158 2003 1183 2025 in
1194 2004 1289 2027 tantum

220 2034 371 2062 displicuerit
390 2033 454 2062 quod
471 2033 522 2060 ejus
540 2032 711 2054 annnocionem
729 2032 850 2060 petierint,
863 2039 877 2054 a
888 2032 987 2054 Rectore
1005 2033 1176 2060 ammoveatur,
1189 2034 1214 2056 et
1227 2034 1289 2057 alius

219 2063 327 2092 ydoneus
337 2063 389 2085 loco
400 2063 434 2084 sic
445 2062 551 2090 ammoti,
562 2069 633 2090 quam
645 2062 693 2084 cito
704 2061 826 2084 commode
838 2062 887 2083 fieri
898 2062 988 2090 potuit,
1000 2068 1043 2090 per
1053 2062 1154 2084 eundem
1162 2062 1288 2086 Rectorem

218 2092 369 2121 subrogetur.
402 2092 538 2120 Pecuniam,
561 2093 585 2114 et
606 2098 643 2113 res
670 2091 728 2113 alias
749 2098 792 2120 pro
813 2091 989 2113 sustentacione
1013 2091 1132 2113 dictorum
1155 2092 1287 2116 Scolarium

218 2122 349 2151 assignatas
367 2123 391 2144 et
407 2121 568 2150 assignandas,
588 2121 694 2150 recipiat,
713 2121 738 2143 et
755 2120 844 2143 eisdem
860 2122 889 2143 ut
905 2121 1021 2149 sequitur,
1040 2121 1197 2145 administret.
1231 2122 1285 2151 Qm',

219 2152 297 2185 prima
316 2151 375 2183 vice,
397 2157 440 2184 per
461 2152 474 2164 ἥ
496 2151 518 2180 ’1,
541 2150 687 2183 Episcopum
707 2150 866 2175 Exomensem
886 2150 929 2182 qui
938 2151 1010 2180 {nunc
1030 2151 1074 2181 est,
1096 2151 1241 2183 proficiatur,
1263 2154 1288 2176 et
