1328 2295
127 128 173 165 18

314 143 392 169 ΤΗΕ
417 143 600 171 REGISTER
626 145 673 172 OF
699 146 841 172 BISHOP
868 144 1102 172 STAPELDON.

226 229 284 245 cum
296 224 386 251 essent,
399 222 503 253 quidam
519 231 564 254 per
580 231 613 254 se,
628 223 731 254 quidam
748 232 792 255 per
809 224 992 253 Procuratores,
1004 222 1095 254 viginti
1105 224 1158 246 tres
1172 219 1292 245 canonici

225 257 288 278 tunc
295 257 429 285 presentes,
438 256 581 286 quindecim
593 257 618 280 in
628 257 737 280 eundem
747 257 895 286 Walterum,
907 259 959 280 tres
970 257 996 280 in
1006 256 1157 287 Magistrum
1167 254 1292 277 Thomam

226 288 257 311 de
275 287 432 317 Lecchelade,
445 291 507 312 tunc
524 289 662 319 Dec-anum,
675 292 725 313 tres
743 290 769 313 in
785 290 935 320 Magistrum
950 289 1074 313 Thomam
1090 288 1121 311 de
1134 287 1290 315 Cher-letone,

227 323 252 343 et
264 321 314 343 duo
327 320 353 343 in
367 321 503 344 Dominum
519 321 535 345 J
538 322 662 345 ohannem
679 322 710 345 de
727 322 877 353 Godeleghe,
889 322 917 345 in
932 321 1053 345 scrutinio
1071 321 1219 344 direxerunt
1233 320 1292 342 vota

226 361 277 376 sua.
315 353 369 381 Quo
392 354 519 384 puplicato
542 356 568 377 et
590 354 657 377 facta
682 355 821 384 collacione,
845 362 931 378 omnes
953 354 1107 378 unanimiter
1130 353 1157 376 111
1181 351 1290 375 011οᾶ001

227 385 367 409 walterum
377 389 563 416 consenserunt,
572 389 598 410 et
609 395 654 417 per
665 387 795 411 Decanum
809 387 867 411 Loci
879 387 963 418 ipsum
975 386 1138 417 solempniter
1151 385 1288 415 elegerunt.

227 418 250 442 A
271 426 321 448 qua
346 418 476 442 Eleceione
502 427 546 450 per
570 420 720 450 Magistrum
746 420 882 443 Ricardum
899 420 930 443 de
954 419 1118 450 Plympstoke
1146 418 1178 441 ad
1201 417 1292 441 Sede-m

226 451 397 481 Apostolicam
411 451 498 475 extitit
509 452 670 482 appellatum.
705 453 808 482 Verum,
821 460 880 476 cum
891 453 959 476 idem
972 452 1075 475 Electus
1088 453 1152 474 esset
1163 450 1189 473 in
1202 449 1291 473 itinere

228 484 259 507 ad
284 484 375 507 Sedem
398 484 567 514 Apostolicam
584 485 707 514 veniendi,
725 485 793 508 idem
816 485 937 509 Ricardus
953 485 981 508 in
1005 484 1081 508 Curia
1100 484 1213 507 Romana
1229 484 1291 505 tunc

228 516 346 540 Pictaviis
369 516 478 540 existens
496 517 666 547 Appellacioni
683 525 728 541 sue
745 518 908 546 renunciavit,
930 519 956 541 et
973 516 1199 541 Renunciacionem
1219 521 1291 538 suam

228 549 310 572 eidem
317 549 403 572 Electo
413 550 566 579 transmisit;
576 550 684 573 Domino
694 550 803 574 Roberto
813 549 999 581 [Winchelsey],
1010 548 1183 573 Cantuariensi
1191 547 1290 571 Archie-

227 582 335 613 piscop0,
350 582 381 605 ab
394 582 480 605 Officio
490 584 516 606 et
528 582 651 606 Beneficio
663 591 708 613 per
720 583 813 614 Papam
825 591 952 613 suspenso,
966 585 992 606 et
1003 585 1066 606 tunc
1077 582 1103 605 iu
1116 582 1203 605 eadem
1216 580 1292 604 Curia

229 615 342 638 Romana
359 615 522 645 personaliter
539 615 669 645 existente,
682 623 758 646 quem
776 616 897 639 Summus
913 615 1038 644 Pontifex,
1052 615 1091 638 die
1107 613 1193 638 Sancti
1209 612 1292 636 Mauri

229 647 336 670 Abbatis
353 647 394 676 [15
413 647 428 671 J
430 648 481 677 an]
496 650 558 671 tunc
573 650 701 678 sequente,
719 649 829 679 plenarie
840 648 953 672 restituit
964 648 997 671 ad
1008 647 1134 678 premissa.
1170 646 1211 675 Et,
1224 645 1291 669 facta

229 680 310 703 eidem
328 680 433 703 Summo
451 680 567 704 Pontifici
584 681 658 711 plena
680 681 838 712 suggestione
857 681 888 704 de
909 680 1046 708 Eleccione,
1065 679 1249 710 Appellacione,
1267 679 1293 701 et

228 712 428 736 Renunciacione
439 713 565 743 predictis,
578 713 704 737 commisit
715 714 796 737 eidem
808 714 1007 744 Arehiepiscop0,
1020 715 1083 736 tunc
1094 712 1221 739 restituto,
1230 713 1256 734 et
1267 710 1294 734 in

229 745 305 769 Curia
322 745 448 776 existenti,
466 745 532 769 vices
554 754 611 769 suas
627 747 659 769 ad
677 746 858 777 inquirendum
874 746 902 769 in
919 747 1007 769 eadem
1027 745 1103 769 Curia
1125 753 1157 768 an
1181 743 1293 775 predicte

206 800 212 804 ,
228 778 399 808 Appellaoioni
411 780 477 802 esset
490 779 667 802 renunciatum
684 779 778 809 absque
794 779 925 809 pravitate,
938 781 1074 809 antequam
1091 778 1146 808 ipsa
1157 778 1222 800 esset
1234 775 1294 800 Sedi

228 810 370 841 Apostolice
393 813 543 841 presentata,
567 814 593 835 et
613 812 634 835 si
653 812 700 835 hoc
720 812 844 835 inveniret
864 812 970 835 ulterius
994 811 1139 842 procederet
1158 810 1185 833 in
1204 809 1292 832 eodem

229 843 330 874 negocio
338 843 405 866 idem
414 843 622 875 Archiepiscopus
631 844 689 875 jure
702 852 754 874 suo,
762 852 806 875 per
818 852 844 868 se
851 844 891 868 vel
903 844 970 874 alios,
980 844 1006 867 in
1015 843 1132 867 Partibus
1139 841 1290 872 Anglicanis.

231 876 286 904 Quo
304 876 432 906 inquisito,
450 876 561 906 invento,
578 879 604 900 et
622 877 734 908 legitime
750 877 828 900 fuisse
845 877 1022 900 renunciatum
1042 875 1213 907 pronunciato,
1225 874 1293 898 idem

229 908 436 965 Ariclp'epgscopus
448 909 513 934 vices
525 917 582 933 suas
594 909 621 933 in
633 910 720 934 eodem
732 910 833 941 negocio
841 909 973 939 commisit,
986 909 1012 933 in
1023 909 1161 939 formaque
1170 907 1291 939 sequitur.

229 955 260 958 —
274 949 287 965 0
298 960 303 965 .
318 943 331 964 2
350 960 355 965 .

264 990 443 1020 camussia,—

194 1022 327 1053 Robertus,
354 1023 515 1053 permissione
541 1024 633 1048 Divina
652 1024 838 1048 Cantuariensis
858 1024 1073 1055 Archiepiscopus,
1094 1023 1184 1047 Tocius
1203 1021 1292 1054 Anglie

227 1056 332 1085 Primas,
340 1056 483 1080 Venerabili
495 1057 583 1086 Fratri,
597 1057 705 1081 Domino
718 1057 823 1088 Symoni
836 1056 879 1088 [de
892 1056 1030 1087 Gandavo}
1039 1056 1086 1080 Dei
1097 1056 1179 1087 gracia
1191 1055 1290 1079 Sarum-

228 1089 281 1112 ensi
299 1088 427 1119 Episcopo,
445 1097 472 1112 ac
488 1089 585 1113 dilectis
598 1090 674 1119 Filiis,
691 1090 816 1120 Magistris
833 1090 943 1114 Robcrto
958 1090 990 1113 de
1007 1090 1064 1119 Ros,
1078 1088 1182 1113 officiali
1196 1090 1289 1116 nostro,

200 1129 202 1131 ·
228 1123 255 1145 et
277 1121 402 1145 Willelmo
422 1122 453 1145 de
472 1122 682 1151 Chadeleshunte,
698 1123 879 1146 Archidiacono
899 1122 1058 1154 WVyltesyriQ
1075 1122 1182 1145 salutem
1200 1123 1225 1144 et
1243 1120 1292 1144 sin-

228 1162 309 1177 ceram
326 1154 353 1177 in
371 1154 480 1177 Domino
497 1155 768 1186 karitatem.—Nuper,
787 1163 831 1186 per
847 1158 956 1179 mortem
974 1155 1037 1178 bone
1054 1154 1173 1178 memorie
1188 1153 1290 1183 Thome,

228 1187 357 1217 quondam
377 1187 525 1211 Exoniensis
546 1188 669 1218 Episcopi,
690 1188 743 1218 ipsa
767 1188 902 1211 Exoniensi
925 1188 1035 1211 Ecclesia
1052 1188 1156 1211 Pastore
1174 1186 1291 1215 desolata,

228 1219 347 1250 Magister
359 1219 480 1243 Ricardus
493 1220 523 1243 de
539 1221 710 1251 Plympstoke,
725 1221 756 1244 de
766 1221 907 1244 Exemistre
919 1223 946 1244 et
958 1221 989 1244 de
1001 1220 1112 1244 Uffculm
1125 1219 1292 1243 Eeclesiarum

228 1252 325 1281 Rector,
344 1252 410 1275 dicte
429 1252 539 1276 Diocesis
557 1253 712 1282 Exoniensis,
732 1261 759 1276 ac
777 1254 808 1277 de
826 1254 913 1277 eadem
933 1253 1040 1283 Dyocesi
1057 1252 1186 1281 oriundus,
1207 1253 1294 1275 contra

227 1284 360 1315 Magistros
383 1285 506 1308 Thomam
529 1285 560 1308 de
581 1286 739 1315 Lecchelade,
757 1286 894 1315 Deeanum,
913 1286 1054 1309 Walterum
1078 1286 1110 1308 de
1133 1284 1290 1315 Stapeldone,

227 1318 402 1340 Precentorem
427 1318 569 1341 Johannem
595 1318 626 1341 de
651 1319 785 1347 Bruetone,
814 1318 1004 1348 Cancellarium,
1027 1317 1234 1341 Bartholomeum
1261 1317 1291 1340 de

228 1350 320 1374 Sancto
338 1350 482 1379 Laurencio,
495 1351 621 1381 Rogerum
639 1351 669 1374 de
689 1351 844 1381 Cherletone,
857 1351 1021 1381 Radulphum
1037 1351 1171 1381 Germeyn,
1189 1349 1291 1379 Exonie,

228 1382 353 1411 Tottonie,
375 1388 401 1405 et
422 1383 594 1413 Barnstapolie
614 1383 807 1407 Archidiaconos
830 1384 857 1407 in
880 1383 990 1407 Ecclesia
1013 1383 1149 1406 Exoniensi
1174 1382 1291 1413 predicta,

228 1415 370 1439 ‚Iohannem
386 1415 417 1438 de
434 1415 560 1446 Upavene,
579 1416 701 1439 Thomam
719 1417 750 1440 (10
766 1416 921 1445 Cherletone,
938 1419 964 1440 et
979 1416 1101 1439 Thomam
1117 1416 1149 1439 de
1166 1415 1290 1444 Hentone,

227 1448 307 1478 ipsius
325 1448 434 1471 Ecclesie
456 1448 600 1478 Canonicos,
621 1456 652 1472 ne
680 1449 728 1479 ipsi
751 1449 871 1479 eligerent
893 1451 939 1472 aut
961 1449 1048 1472 future
1070 1448 1197 1471 Eleecioni
1215 1447 1291 1471 inter-

229 1483 319 1509 essent,
337 1482 363 1503 et
380 1488 411 1503 ne
437 1481 515 1504 eciam
533 1481 616 1511 quivis
638 1489 724 1505 eorum
743 1482 770 1505 in
787 1482 906 1505 futurum
930 1481 1083 1512 Episcopum
1108 1480 1241 1511 eligeretur
1263 1481 1289 1503 et

229 1513 359 1536 Pastorem
375 1513 402 1536 in
420 1514 507 1537 eadem
524 1514 633 1537 Ecclesia
651 1514 794 1543 Exoniensi,
811 1522 842 1537 ex
860 1514 934 1538 certis
952 1514 1039 1542 causis,
1057 1513 1089 1537 ad
1106 1513 1292 1537 Sacrosanctam

230 1546 321 1570 Sedem
343 1546 514 1576 Apostolicam
537 1546 689 1577 appellavit3
712 1555 739 1570 ac
762 1547 926 1578 postmodum
948 1547 1016 1570 dicto
1039 1546 1159 1577 Magistro
1182 1545 1292 1569 Waltero

230 1578 261 1601 de
280 1578 438 1608 Stapeldone,
454 1579 520 1602 dicte
537 1579 686 1602 Exoniensis
704 1579 812 1603 Ecclesie
830 1580 985 1609 Precentore,
1001 1587 1044 1609 per
1062 1579 1192 1602 Decanum
1208 1585 1291 1608 supra-

231 1611 328 1634 dictum
351 1618 379 1634 ac
402 1613 496 1634 ceteros
519 1612 633 1642 superius
656 1614 796 1641 annotatos,
820 1620 917 1635 necnon
940 1615 966 1635 et
988 1612 1048 1635 alios
1067 1611 1204 1635 Canonicos
1226 1610 1291 1634 dicte

230 1643 379 1667 Exoniensis
396 1644 512 1674 Eeclesie,
526 1644 673 1675 Capitulum
690 1644 805 1675 ejusdem
822 1645 931 1668 Ecclesie
945 1644 1134 1673 constituentes,
1147 1645 1178 1667 ut
1193 1643 1291 1672 dicitur,

230 1676 386 1699 concorditer
408 1676 493 1704 electo,
517 1679 543 1700 et
565 1677 596 1700 ab
613 1676 761 1707 hujusmodi
781 1677 911 1701 Eleccione
934 1685 964 1701 ex
986 1679 1057 1708 parte
1080 1676 1158 1707 ipsius
1181 1674 1294 1706 Magistri

230 1708 330 1732 Ricnrdi
347 1709 378 1732 (10
396 1709 559 1740 Plympstoke
577 1710 609 1733 ad
626 1710 720 1733 dictam
737 1710 828 1734 Sedem
845 1710 932 1733 extitit
948 1710 1045 1738 iterato,
1060 1711 1091 1732 ut
1108 1708 1234 1738 asseritur,
1252 1715 1292 1739 ap-

231 1741 354 1771 pellatum
370 1749 375 1770 ;
404 1749 418 1764 a
451 1742 543 1772 quibus
572 1742 791 1773 Appellacionibus
819 1742 936 1766 omnibus
963 1744 990 1766 et
1017 1742 1129 1772 singulis,
1158 1744 1293 1772 antequam

232 1773 374 1803 supradicte
395 1774 453 1797 Sedi
469 1774 612 1804 Apostolice
629 1775 737 1798 fuissent
755 1777 904 1805 presentate,
922 1782 991 1805 pure,
1009 1776 1106 1805 sponte,
1125 1776 1152 1798 et
1170 1773 1289 1803 absolute,
1312 1776 1314 1778 ’

230 1806 300 1829 nulla
328 1806 451 1836 pravitate
476 1807 666 1837 interveniente,
695 1808 823 1838 predictus
848 1807 967 1838 Magister
989 1807 1111 1831 Ricardus
1136 1807 1167 1830 de
1191 1806 1291 1837 Plymp-
1318 1832 1322 1834 ,

231 1838 302 1861 stoke
326 1839 456 1862 dicebatur
478 1839 612 1869 recessisse,
631 1842 657 1863 et
674 1840 768 1863 eisdem
784 1839 1003 1870 Appellacionibus
1025 1839 1108 1870 palam
1128 1843 1154 1863 et
1177 1844 1290 1869 expresse

231 1871 395 1894 renunciasse.
438 1871 475 1895 Ac
504 1872 615 1902 tandem,
640 1872 767 1903 premissis
800 1872 917 1896 omnibus
946 1874 972 1896 et
998 1872 1104 1903 singulis
1130 1871 1290 1895 Sanctissimo

230 1903 300 1927 Patri
316 1903 343 1926 in
362 1903 462 1927 Christo
479 1911 507 1927 ac
524 1904 640 1934 Domino,
659 1905 767 1928 Domino
785 1904 917 1934 Clementi,
935 1905 1026 1928 Divina
1047 1904 1210 1928 Providencia
1226 1904 1291 1934 Pape

232 1936 334 1964 Quinto,
352 1943 396 1966 per
412 1936 584 1960 Venerabileu]
603 1937 713 1967 Patrem,
731 1937 870 1961 Dominum
887 1937 1016 1966 Thomam,
1035 1937 1082 1960 Dei
1105 1937 1186 1968 gracia
1208 1936 1291 1960 'ritulo

231 1968 322 1992 Sancte
335 1968 426 1991 Sabine
438 1969 610 1993 Presbiterum
623 1969 788 1999 Cardinalem,
797 1969 913 1993 seriosius
925 1969 1044 2000 expositis
1056 1972 1082 1993 et
1090 1969 1204 1998 narratis,
1211 1968 1291 1993 voluit

231 2002 257 2024 et
268 2001 398 2024 mandavit
409 2001 476 2024 idem
489 2001 613 2025 Dominus
631 2002 705 2033 Papa,
718 2010 762 2033 per
779 2002 877 2026 dictum
892 2002 1031 2026 Dominum
1047 2002 1212 2031 Cardinalem,
1226 2000 1292 2032 quod

231 2041 283 2062 nOS,
311 2035 373 2056 tunc
397 2033 423 2056 in
446 2034 512 2057 dicta
538 2035 650 2057 Romana
680 2035 756 2058 Curia
781 2035 942 2065 personaliter
964 2035 1107 2064 existentes,
1131 2034 1289 2058 Auctoritate

232 2065 375 2096 Apostolica
390 2066 415 2089 iu
434 2066 500 2089 dicta
519 2066 593 2090 Curia
608 2067 734 2097 inquirere
749 2075 878 2098 possemus
895 2075 934 2097 an,
952 2070 1089 2098 antequam
1104 2066 1290 2098 Appellaciones

231 2098 379 2128 hujusmodi
401 2098 509 2122 fuissent
531 2099 597 2122 dicte
626 2099 684 2123 Sedi
707 2099 849 2130 Apostolice
871 2102 1020 2130 presentate,
1049 2101 1146 2130 sponte,
1174 2099 1291 2129 nullaque

230 2130 353 2161 pravitate
365 2130 553 2161 interveniente,
564 2139 688 2156 recessum
697 2132 787 2157 fuisset
798 2140 842 2164 per
851 2132 952 2157 Partem
963 2132 1131 2163 appellantem
1141 2132 1173 2156 ab
1182 2131 1273 2156 eisdem
1283 2137 1290 2160 ς
