1328 2295
71 157 141 193 152
259 168 332 193 THE
358 167 545 193 REGISTER
571 168 620 193 or
645 167 784 193 BISHOP
811 167 1043 193 STAPELDON.

159 244 273 267 mandato
294 246 319 267 et
340 244 483 267 auctoritate
504 244 563 267 dicti
579 244 658 266 Patris
679 250 752 266 mauu
773 250 825 266 mea
841 243 933 273 scripsi,
951 245 976 266 et
991 243 1017 265 in
1032 243 1093 265 hanc
1110 242 1233 271 publicam

158 274 259 296 formam
280 274 367 303 redegi,
387 281 487 303 meoque
508 274 575 302 signo
596 275 710 296 consueto
731 274 831 302 signavi,
850 273 895 295 sub
917 274 995 301 Anno,
1017 273 1069 301 Die,
1088 272 1229 300 Indiccione,

159 304 313 332 Pontificatu,
323 305 347 326 et
356 304 407 326 loco
417 303 601 333 predictis-Et
610 303 682 325 habet
691 303 754 325 idem
762 303 872 325 Decanus
882 303 974 325 Literas
985 302 1138 325 Induccionis
1148 309 1154 330 5
1171 300 1221 324 611².

71 341 136 374 The
153 342 347 374 Chaucelzor
363 343 401 380 of
419 342 469 374 the
487 341 720 378 Cathedral‚-——

137 394 327 423 —Dispensacio
340 394 413 423 facta
431 394 581 418 Cancellario
597 393 728 423 [Mag-istro
740 394 836 423 Rogero
854 394 885 417 de
898 393 994 424 Otery],
1007 401 1079 423 super
1091 393 1236 422 Lectum,—

170 427 240 450 Licet
252 435 282 450 ex
295 427 458 450 Ordinacione
471 427 535 450 circa
547 426 785 456 Appropriaciouem
798 429 824 449 et
835 426 1010 449 Annexionem
1023 426 1131 449 Ecclesie
1144 426 1235 449 Sancte

170 459 304 489 Newelim,
321 459 348 482 in
364 459 497 488 Cornubia,
516 459 665 482 Cancellarie
682 462 727 481 tue
744 458 854 488 predicte
869 459 967 482 dudum
984 459 1070 487 factas,
1085 458 1235 482 Cancellario

170 492 215 522 qui
227 500 271 522 pro
283 494 395 522 tempore
407 492 485 515 fuerit
502 491 528 514 in
542 491 650 514 Ecclesia
663 491 797 514 Exoniensi
816 491 933 521 predicta,
945 491 1045 521 legendi
1057 494 1083 514 et
1093 491 1236 514 instruendi

171 525 298 548 Ministros
317 525 396 555 ipsius
415 524 523 547 Ecclesie
541 524 567 547 in
580 524 713 554 Theologia
731 524 769 546 vel
786 524 848 547 Jure
861 524 985 547 Canonico
1002 532 1066 547 onus
1082 524 1235 554 imponatur,

170 557 236 588 quia,
267 560 360 586 tamen,
388 557 460 580 nobis
489 557 584 580 notorie
613 556 693 586 liquet
722 560 748 579 et
776 556 863 579 existit
889 556 1021 579 manifeste
1048 559 1139 580 notum
1166 556 1234 587 quod

171 590 371 613 emolumentum
390 590 421 613 de
435 589 586 613 Cancellaria
606 589 715 619 predicta
734 589 878 612 nullatenus
895 589 1016 612 hactenus
1033 589 1173 619 percepisti,
1191 597 1236 612 nec

171 630 251 653 usque
282 623 313 646 ad
334 622 438 645 Festum
460 622 530 645 Beati
548 622 676 644 Michaelis
699 621 848 651 Archangeli
866 622 979 652 proximo
997 622 1115 645 futurum
1137 629 1236 652 percep-

170 657 244 678 turus
254 663 287 684 es,
298 655 365 678 unde
374 655 521 685 hujusmodi
534 655 639 677 Lecture
652 662 715 677 onus
727 654 766 677 vel
777 654 954 677 Instruccionis
966 654 1087 677 sarcinam
1099 654 1235 684 quomodo-

170 687 233 710 libet
245 687 326 710 valeas
339 687 378 710 vel
391 687 480 710 debeas
492 687 647 717 subportare,
666 690 691 710 te
710 687 741 709 ad
754 687 799 710 hoc
818 695 880 710 onus
894 687 1079 717 agnoscendum
1092 689 1118 709 et
1129 694 1234 717 suppor-

172 720 278 743 tandum
296 722 355 743 ante
368 720 473 743 Festum
486 720 556 742 Beati
569 719 695 742 Michaelis
713 719 872 749 prelibatum,
890 727 934 750 per
946 722 971 742 te
984 719 1022 743 vel
1034 719 1119 749 alium,
1131 719 1235 742 minime

171 752 252 776 teneri
270 752 419 776 auctoritate
440 752 599 775 Presencium
620 752 780 775 declaramus.
817 752 852 775 Ee
869 752 890 775 si
908 752 991 775 forsan
1015 752 1079 775 circa
1098 752 1145 775 hoc
1165 760 1236 782 egeas

171 785 364 815 Dispensacione
386 788 478 814 nostra,
503 788 588 808 tecum
617 792 691 815 super
714 784 766 813 hoc,
795 787 881 807 tenore
905 785 1072 813 Pressucium,
1096 784 1236 808 Pontificali

172 817 331 841 Auctoritate
344 817 590 848 dispensamus—In
603 817 676 847 cujus
687 817 729 846 rei,
743 820 789 840 etc.
802 817 844 847 (25
857 817 935 847 April⁷
949 818 1022 846 1310)
1034 825 1039 847 ;
1058 815 1109 841 49¹³.

203 858 409 888 —Dispensation
420 858 523 888 granted
535 861 558 881 to
571 857 712 882 Chancdlor
724 858 801 888 Royer
812 858 841 881 de
855 858 966 888 Ota-y,—

138 899 175 922 Eo
193 899 261 929 quod
278 907 322 929 per
340 899 530 922 Ordinacionem
548 899 611 922 circa
632 899 767 922 Ecclesiam
788 899 878 922 Sancte
899 899 1033 928 Neweline,
1051 907 1174 922 annexam
1191 901 1235 922 tue

172 931 329 959 Cancellarie,
354 931 452 954 dudum
472 931 573 960 factam,
595 934 678 954 certus
698 932 788 954 modus
805 931 904 962 legendi
920 934 946 954 et
963 932 1115 955 informandi
1135 931 1235 955 Clerum

171 964 280 987 Ecclesie
296 966 381 987 nostre
398 964 509 994 predicte
526 964 574 987 tibi
586 963 725 994 pnefinitur,
739 972 789 987 non
801 964 925 992 obstante,
941 972 997 988 cum
1011 964 1129 995 pretactis
1141 964 1236 987 utilita-

171 996 240 1019 tibus
258 999 284 1019 et
300 996 400 1027 legendi
416 997 494 1019 officio
511 1004 554 1027 pro
569 996 709 1027 subscripto
727 999 839 1026 tempore
856 997 939 1020 medio
956 997 1119 1027 personaliter
1136 1004 1235 1027 operam

171 1029 230 1052 dare
242 1036 351 1059 nequeas
363 1029 534 1057 condecenter,
546 1031 576 1052 ut
588 1037 602 1052 a
614 1029 689 1052 Festo
703 1030 773 1052 Beati
786 1029 913 1053 Michaelis
930 1029 1044 1060 proximo
1055 1029 1143 1053 futuro
1155 1037 1235 1059 usque

170 1062 202 1085 ad
219 1069 315 1084 annum
331 1061 454 1092 complete
471 1062 614 1085 revolutum
632 1061 779 1092 hujusmodi
796 1062 894 1092 legendi
911 1065 937 1085 et
948 1062 1101 1085 informandi
1112 1064 1197 1085 actum
1209 1062 1235 1085 iu

170 1094 291 1117 alterutra
310 1094 341 1117 de
364 1094 456 1124 quibus
476 1094 543 1117 dicta
563 1094 695 1118 Ordinacio
716 1097 893 1118 commemorat
915 1095 1074 1123 facultatum,
1095 1103 1138 1125 per
1156 1095 1233 1118 alium

170 1126 339 1157 baquilarium
351 1127 478 1157 ydoneum
491 1134 616 1150 excercere
629 1127 710 1150 valeas
723 1135 728 1155 ;
746 1127 876 1157 prehabito
888 1135 962 1157 snper
973 1128 1020 1151 hoc
1032 1135 1090 1150 cum
1098 1128 1198 1150 Decano
1209 1130 1236 1150 et

171 1159 288 1190 Capitulo
301 1159 409 1182 Ecclesie
426 1162 511 1182 nostre
523 1159 633 1189 predicte
644 1162 754 1182 tractatu
767 1160 889 1190 diligenti,
908 1160 1016 1183 Ecclesie
1027 1162 1112 1183 nostre
1124 1160 1235 1183 evidenti

170 1192 282 1215 utilitate
299 1192 417 1222 inspecta,
436 1192 467 1215 de
479 1192 590 1222 ipsorum
603 1200 717 1222 expresso
730 1200 859 1221 consensu,
872 1195 957 1215 tecum
969 1192 1119 1216 auctoritate
1131 1193 1233 1216 Presen-

170 1224 237 1248 cium
257 1224 450 1247 misericorditer
470 1225 648 1255 dispensamus.
685 1225 805 1248 Nolentes
824 1225 892 1255 quod
915 1225 968 1254 tibi,
993 1225 1013 1248 si
1036 1225 1120 1248 forsan
1142 1233 1186 1256 per
1209 1227 1235 1248 te

170 1257 268 1288 legendi
285 1257 394 1280 officium
413 1257 564 1287 prelibatum
582 1257 708 1287 aliquibus
726 1257 880 1288 temporibus
897 1260 986 1288 sponte
1006 1258 1114 1288 elegeris,
1131 1265 1181 1288 quo
1202 1258 1234 1281 ad

169 1289 318 1320 hujusmodi
328 1289 466 1313 vacacionis
483 1290 670 1313 immunitatem
683 1292 708 1313 et
721 1290 921 1320 Dispensacionis
938 1290 1094 1319 beneficium,
1112 1290 1175 1321 quin
1191 1298 1235 1321 per

170 1322 248 1345 alium
273 1322 457 1351 nichilominus,
476 1324 506 1345 ut
529 1322 693 1352 premittitur,
711 1330 767 1345 cum
792 1325 822 1345 tu
844 1323 896 1353 ipse
919 1322 1066 1353 hujusmodi
1088 1323 1187 1353 legendi
1209 1325 1236 1346 et

169 1354 323 1378 informandi
342 1355 422 1378 officio
442 1355 605 1385 personaliter
624 1362 674 1378 non
691 1355 825 1385 insteteris,
844 1355 912 1378 idem
924 1355 1033 1379 officium
1045 1363 1088 1385 per
1104 1355 1235 1379 residuum

171 1387 232 1410 dicti
244 1387 365 1417 temporis
377 1387 496 1417 spacium,
509 1387 589 1410 solitis
601 1388 764 1418 temporibus,
781 1390 857 1418 prout
868 1388 974 1418 regionis
986 1396 1040 1411 mos
1052 1388 1171 1418 exposcit,
1184 1388 1232 1411 nisi

173 1419 329 1443 canonicum
346 1420 557 1450 impedimentum
574 1420 686 1449 obsistat,
706 1423 736 1443 ut
748 1420 905 1450 premittitur
916 1421 1007 1451 exequi
1019 1421 1107 1449 valeas,
1119 1420 1232 1451 prejudi-

170 1452 237 1475 cium
254 1452 444 1482 quomodolibet
461 1453 671 1483 generetur.—Et
688 1460 740 1482 nos,
760 1453 874 1476 Decanus
893 1456 919 1476 et
938 1453 1083 1484 Capitulum
1103 1453 1230 1482 antedicti,

171 1485 310 1515 prehabito,
340 1487 370 1508 ut
398 1485 513 1515 superius
541 1488 683 1512 annotatur,
713 1493 788 1516 super
816 1486 942 1516 premissis
969 1489 1080 1509 tractatu
1109 1485 1231 1516 diligenti,

170 1517 354 1548 presencialiter
366 1518 492 1548 premissis
502 1518 619 1541 omnibus
629 1520 653 1540 et
663 1518 767 1548 singulis
780 1522 882 1548 gratum
891 1521 917 1542 et
928 1519 1073 1542 benivolum
1082 1526 1231 1542 consensum

169 1550 302 1580 prebemus
314 1550 407 1580 pariter
419 1552 445 1573 et
457 1558 585 1573 assensum
600 1550 641 1579 (17
654 1550 723 1582 July,
737 1551 810 1580 1310)
822 1559 828 1580 3
846 1552 884 1574 53.

203 1590 281 1614 Lctcer
293 1594 315 1614 to
329 1590 468 1615 Ohancellor
481 1591 567 1621 Henry
579 1591 608 1614 de
621 1590 785 1620 Niwetone,—

138 1631 271 1660 Walterus,
292 1634 347 1661 etc„
369 1632 460 1655 dilecto
481 1631 531 1655 filio
550 1631 670 1662 Magistro
692 1632 800 1655 Hem-ico
820 1632 851 1655 de
870 1632 1007 1660 Niwetone,
1033 1632 1184 1656 Cancellario
1207 1632 1233 1655 in

172 1663 281 1687 Ecclesia
303 1666 389 1687 nostra
413 1664 555 1693 Exoniensi,
580 1664 688 1688 salutem
709 1665 868 1694 etc—Licet,
891 1673 922 1688 ex
941 1665 1049 1695 quadam
1070 1664 1233 1689 Ordinacione

171 1696 258 1719 habita
274 1696 300 1719 in
318 1697 428 1720 Ecclesia
444 1699 529 1720 nostra
542 1697 677 1720 Exoniensi
692 1697 811 1727 predicta,
829 1697 980 1721 Cancellario
997 1697 1042 1728 qui
1058 1705 1102 1728 pro
1120 1700 1232 1728 tempore

170 1728 249 1752 fuerit
265 1729 291 1752 in
309 1730 395 1752 eadem
415 1729 517 1760 legendi,
536 1732 562 1753 et
580 1729 722 1752 instruendi
734 1730 863 1753 Ministros
880 1730 958 1761 ipsius
970 1730 1079 1753 Ecclesie
1090 1732 1116 1753 et
1133 1730 1193 1753 alios
1205 1730 1232 1753 in

171 1762 244 1785 Sacra
256 1761 396 1792 Theologia,
415 1763 454 1785 vel
466 1762 554 1785 saltem
567 1762 583 1785 J
586 1770 629 1785 ure
643 1762 773 1791 Canonico,
786 1770 849 1786 onus
861 1763 894 1786 sit
906 1763 1054 1793 impositum
1065 1763 1096 1786 ab
1108 1763 1212 1793 antiquo
1222 1769 1228 1790 ;

171 1794 236 1824 quia,
260 1796 353 1822 tamen,
372 1795 443 1818 nobis
466 1795 562 1818 notorie
586 1795 667 1825 liquet
691 1798 717 1818 et
745 1795 904 1818 manifestius
932 1798 1023 1818 notum
1051 1795 1138 1818 existit
1165 1795 1233 1825 quod

170 1826 371 1850 emolumentum
399 1827 500 1857 aliquod
530 1828 560 1850 de
583 1827 731 1857 hujusmodi
755 1828 907 1851 Cancellaria
935 1828 1057 1851 hactenus
1086 1828 1231 1851 nullatenus

169 1859 308 1889 percepisti,
333 1867 378 1882 nec
399 1867 479 1889 usque
499 1860 531 1882 ad
550 1860 653 1882 Festum
672 1860 743 1882 Beati
764 1860 889 1883 Michaelis
907 1861 1019 1890 proximo
1040 1863 1187 1883 secuturum
1204 1867 1230 1883 es

168 1897 338 1922 percepturus,
357 1892 425 1915 unde
442 1900 516 1915 onera
528 1892 701 1915 incumbencia
712 1892 793 1915 eidem
806 1893 886 1916 valeas
899 1893 1001 1916 comode
1013 1893 1142 1921 sustinere,
1161 1895 1187 1915 te
1198 1892 1231 1916 ad

169 1924 216 1947 hoe
238 1931 302 1947 onus
325 1925 510 1954 agnoscendum
531 1927 557 1947 et
580 1925 781 1954 supportandum
805 1928 863 1948 ante
886 1925 990 1948 Festum
1011 1925 1082 1949 Beati
1103 1925 1231 1948 Michaelis

167 1956 310 1986 predictum
340 1964 383 1987 per
412 1960 436 1980 te
465 1957 504 1980 vel
533 1965 576 1987 per
603 1957 681 1980 alium
701 1965 751 1980 non
779 1958 865 1986 teneri,
888 1958 1038 1981 auctoritate
1062 1957 1228 1986 Presencium,

168 1989 330 2018 declaramus,
349 1989 447 2019 tibique
465 1992 495 2012 ut
512 1989 621 2017 interim,
635 1989 661 2012 in
674 1990 726 2013 loco
745 1990 788 2013 ubi
801 1990 957 2014 Universitas
974 1999 1018 2014 seu
1031 1991 1152 2014 Studium
1163 1990 1232 2021 viget

167 2021 288 2051 generale,
301 2021 414 2045 insistere
428 2022 508 2045 valeas
520 2022 605 2045 studio
616 2022 756 2045 Literarum
774 2023 909 2051 licenciam,
923 2025 1048 2054 quantum
1060 2023 1086 2046 in
1099 2023 1170 2046 nobis
1182 2025 1227 2052 est,

166 2054 325 2077 concedimus
343 2057 369 2077 et
386 2054 489 2077 liberam
506 2054 659 2077 facultatem.
696 2055 736 2082 Et,
755 2055 776 2078 si
793 2055 858 2078 forte
875 2058 960 2078 nostra
977 2056 1041 2079 circa
1058 2056 1103 2079 hec
1120 2055 1226 2086 Dispen-

166 2086 262 2109 sacione
279 2094 357 2116 egeas,
375 2089 459 2110 tecum
477 2095 552 2117 super
569 2087 622 2114 hiis,
642 2087 790 2110 auctoritate
804 2088 950 2116 pontificali,
969 2091 1055 2111 tenore
1068 2087 1227 2111 Preseneium

165 2119 476 2149 dispensamus—Datum
496 2120 563 2149 apud
584 2119 731 2148 Eburacum,
753 2120 822 2151 xxiiij
845 2120 884 2143 die
903 2121 995 2144 mensis
1013 2121 1135 2150 Octobris,
1153 2120 1227 2143 Anno

164 2151 267 2174 Domini
280 2151 319 2174 ΜΟ
332 2151 430 2175 CCCmo
443 2152 560 2175 vicesimo
573 2152 692 2176 secundo:
711 2150 777 2176 16912.
