<?xml version="1.0" encoding="UTF-8"?>
<!DOCTYPE html PUBLIC "-//W3C//DTD XHTML 1.0 Transitional//EN"
    "http://www.w3.org/TR/xhtml1/DTD/xhtml1-transitional.dtd">
<html xmlns="http://www.w3.org/1999/xhtml" xml:lang="en" lang="en">
 <head>
  <title>
</title>
<meta http-equiv="Content-Type" content="text/html;charset=utf-8" />
  <meta name='ocr-system' content='tesseract 3.04.00' />
  <meta name='ocr-capabilities' content='ocr_page ocr_carea ocr_par ocr_line ocrx_word'/>
</head>
<body>
  <div class='ocr_page' id='page_1' title='image "./registerofwalter00exet_0484.png"; bbox 0 0 1328 2295; ppageno 0'>
   <div class='ocr_carea' id='block_1_1' title="bbox 119 166 1105 207">
    <p class='ocr_par' dir='ltr' id='par_1_1' title="bbox 119 166 1105 207">
     <span class='ocr_line' id='line_1_1' title="bbox 119 166 1105 207; baseline 0.002 -5"><span class='ocrx_word' id='word_1_1' title='bbox 119 166 191 203; x_wconf 86' lang='lat'>442</span> <span class='ocrx_word' id='word_1_2' title='bbox 346 180 421 205; x_wconf 76' lang='lat' dir='ltr'>THE</span> <span class='ocrx_word' id='word_1_3' title='bbox 448 180 627 206; x_wconf 83' lang='lat' dir='ltr'><strong>REGISTER</strong></span> <span class='ocrx_word' id='word_1_4' title='bbox 654 181 699 206; x_wconf 77' lang='lat' dir='ltr'>or</span> <span class='ocrx_word' id='word_1_5' title='bbox 723 181 856 207; x_wconf 68' lang='lat' dir='ltr'>menon</span> <span class='ocrx_word' id='word_1_6' title='bbox 883 178 1105 206; x_wconf 78' lang='lat' dir='ltr'>STAPELDON.</span> 
     </span>
    </p>
   </div>
   <div class='ocr_carea' id='block_1_2' title="bbox 121 252 1282 2156">
    <p class='ocr_par' dir='ltr' id='par_1_2' title="bbox 121 252 1282 2156">
     <span class='ocr_line' id='line_1_2' title="bbox 121 252 1279 287; baseline 0 -12"><span class='ocrx_word' id='word_1_7' title='bbox 121 255 176 276; x_wconf 71' lang='lat' dir='ltr'>AD.</span> <span class='ocrx_word' id='word_1_8' title='bbox 210 256 373 279; x_wconf 86' lang='lat' dir='ltr'>adhibuerunt</span> <span class='ocrx_word' id='word_1_9' title='bbox 383 257 490 280; x_wconf 77' lang='lat' dir='ltr'>fecerunt</span> <span class='ocrx_word' id='word_1_10' title='bbox 502 265 543 286; x_wconf 88' lang='lat' dir='ltr'>pre</span> <span class='ocrx_word' id='word_1_11' title='bbox 553 258 638 280; x_wconf 87' lang='lat' dir='ltr'>timore</span> <span class='ocrx_word' id='word_1_12' title='bbox 649 265 718 287; x_wconf 79' lang='lat' dir='ltr'>posse</span> <span class='ocrx_word' id='word_1_13' title='bbox 729 258 831 280; x_wconf 75' lang='lat' dir='ltr'>indebiti</span> <span class='ocrx_word' id='word_1_14' title='bbox 843 257 907 287; x_wconf 85' lang='lat' dir='ltr'>quod</span> <span class='ocrx_word' id='word_1_15' title='bbox 918 257 977 279; x_wconf 78' lang='lat' dir='ltr'>dicti</span> <span class='ocrx_word' id='word_1_16' title='bbox 985 257 1109 285; x_wconf 82' lang='lat' dir='ltr'>Magnates</span> <span class='ocrx_word' id='word_1_17' title='bbox 1120 255 1145 277; x_wconf 88' lang='lat' dir='ltr'>in</span> <span class='ocrx_word' id='word_1_18' title='bbox 1156 252 1279 277; x_wconf 83' lang='lat' dir='ltr'>Consider-</span> 
     </span>
     <span class='ocr_line' id='line_1_3' title="bbox 122 282 1278 317; baseline -0.003 -9"><span class='ocrx_word' id='word_1_19' title='bbox 122 282 200 301; x_wconf 80' lang='lat' dir='ltr'>¹³²l·²·</span> <span class='ocrx_word' id='word_1_20' title='bbox 210 286 291 309; x_wconf 83' lang='lat' dir='ltr'>acione</span> <span class='ocrx_word' id='word_1_21' title='bbox 301 287 409 315; x_wconf 82' lang='lat' dir='ltr'>predicta</span> <span class='ocrx_word' id='word_1_22' title='bbox 420 287 500 309; x_wconf 83' lang='lat' dir='ltr'>subito</span> <span class='ocrx_word' id='word_1_23' title='bbox 512 288 570 316; x_wconf 83' lang='lat' dir='ltr'>ipsis</span> <span class='ocrx_word' id='word_1_24' title='bbox 581 288 746 317; x_wconf 78' lang='lat' dir='ltr'>ignorantibus</span> <span class='ocrx_word' id='word_1_25' title='bbox 757 288 813 310; x_wconf 73' lang='lat' dir='ltr'>duci</span> <span class='ocrx_word' id='word_1_26' title='bbox 824 288 937 310; x_wconf 82' lang='lat' dir='ltr'>fecerunt.</span> <span class='ocrx_word' id='word_1_27' title='bbox 972 287 1005 308; x_wconf 83' lang='lat' dir='ltr'>Ac</span> <span class='ocrx_word' id='word_1_28' title='bbox 1016 293 1059 308; x_wconf 88' lang='lat' dir='ltr'>nos</span> <span class='ocrx_word' id='word_1_29' title='bbox 1070 286 1113 308; x_wconf 79' lang='lat' dir='ltr'>siin</span> <span class='ocrx_word' id='word_1_30' title='bbox 1118 284 1187 311; x_wconf 87' lang='lat' dir='ltr'>iliter,</span> <span class='ocrx_word' id='word_1_31' title='bbox 1195 283 1278 316; x_wconf 76' lang='lat' dir='ltr'>habito</span> 
     </span>
     <span class='ocr_line' id='line_1_4' title="bbox 210 313 1279 345; baseline -0.003 -7"><span class='ocrx_word' id='word_1_32' title='bbox 210 322 265 338; x_wconf 87' lang='lat' dir='ltr'>cum</span> <span class='ocrx_word' id='word_1_33' title='bbox 284 316 430 339; x_wconf 72' lang='lat' dir='ltr'>Justiciariis</span> <span class='ocrx_word' id='word_1_34' title='bbox 450 318 538 339; x_wconf 86' lang='lat' dir='ltr'>nostris</span> <span class='ocrx_word' id='word_1_35' title='bbox 559 319 583 339; x_wconf 92' lang='lat' dir='ltr'>et</span> <span class='ocrx_word' id='word_1_36' title='bbox 605 318 688 340; x_wconf 79' lang='lat' dir='ltr'>ceteris</span> <span class='ocrx_word' id='word_1_37' title='bbox 709 318 737 339; x_wconf 72' lang='lat' dir='ltr'>&#39;le</span> <span class='ocrx_word' id='word_1_38' title='bbox 759 317 864 340; x_wconf 86' lang='lat' dir='ltr'>Consilio</span> <span class='ocrx_word' id='word_1_39' title='bbox 881 317 934 345; x_wconf 70' lang='lat' dir='ltr'>(sic)</span> <span class='ocrx_word' id='word_1_40' title='bbox 955 318 1044 343; x_wconf 82' lang='lat' dir='ltr'>nostro,</span> <span class='ocrx_word' id='word_1_41' title='bbox 1065 321 1137 343; x_wconf 88' lang='lat' dir='ltr'>super</span> <span class='ocrx_word' id='word_1_42' title='bbox 1157 313 1279 342; x_wconf 71' lang='lat' dir='ltr'>premiSfflS</span> 
     </span>
     <span class='ocr_line' id='line_1_5' title="bbox 209 344 1280 375; baseline -0.004 -7"><span class='ocrx_word' id='word_1_43' title='bbox 209 346 316 368; x_wconf 82' lang='lat' dir='ltr'>tractatu</span> <span class='ocrx_word' id='word_1_44' title='bbox 330 346 447 375; x_wconf 75' lang='lat' dir='ltr'>diligenti,</span> <span class='ocrx_word' id='word_1_45' title='bbox 460 347 533 369; x_wconf 86' lang='lat' dir='ltr'>iidem</span> <span class='ocrx_word' id='word_1_46' title='bbox 547 347 689 375; x_wconf 79' lang='lat' dir='ltr'>Justiciarii,</span> <span class='ocrx_word' id='word_1_47' title='bbox 703 349 727 369; x_wconf 84' lang='lat' dir='ltr'>et</span> <span class='ocrx_word' id='word_1_48' title='bbox 737 347 809 369; x_wconf 90' lang='lat' dir='ltr'>ceteri</span> <span class='ocrx_word' id='word_1_49' title='bbox 825 347 976 369; x_wconf 85' lang='lat' dir='ltr'>asseruerunt</span> <span class='ocrx_word' id='word_1_50' title='bbox 993 344 1214 368; x_wconf 71' lang='lat' dir='ltr'>consideracionem</span> <span class='ocrx_word' id='word_1_51' title='bbox 1229 348 1280 371; x_wconf 89' lang='lat' dir='ltr'>pre-</span> 
     </span>
     <span class='ocr_line' id='line_1_6' title="bbox 121 372 1280 405; baseline -0.003 -8"><span class='ocrx_word' id='word_1_52' title='bbox 121 372 161 392; x_wconf 72' lang='lat'>101·</span> <span class='ocrx_word' id='word_1_53' title='bbox 215 375 304 398; x_wconf 79' lang='lat' dir='ltr'>dictam</span> <span class='ocrx_word' id='word_1_54' title='bbox 315 377 398 398; x_wconf 84' lang='lat' dir='ltr'>eontra</span> <span class='ocrx_word' id='word_1_55' title='bbox 409 376 494 405; x_wconf 84' lang='lat' dir='ltr'>Legem</span> <span class='ocrx_word' id='word_1_56' title='bbox 506 379 529 399; x_wconf 80' lang='lat' dir='ltr'>et</span> <span class='ocrx_word' id='word_1_57' title='bbox 541 377 744 399; x_wconf 74' lang='lat' dir='ltr'>Consuetudinem</span> <span class='ocrx_word' id='word_1_58' title='bbox 756 377 831 405; x_wconf 78' lang='lat' dir='ltr'>Regni</span> <span class='ocrx_word' id='word_1_59' title='bbox 844 376 920 398; x_wconf 80' lang='lat' dir='ltr'>nostri</span> <span class='ocrx_word' id='word_1_60' title='bbox 930 376 1003 398; x_wconf 69' lang='lat' dir='ltr'>fuisse</span> <span class='ocrx_word' id='word_1_61' title='bbox 1014 375 1110 397; x_wconf 85' lang='lat' dir='ltr'>factam.</span> <span class='ocrx_word' id='word_1_62' title='bbox 1137 373 1187 395; x_wconf 88' lang='lat' dir='ltr'>Nos</span> <span class='ocrx_word' id='word_1_63' title='bbox 1198 378 1241 400; x_wconf 82' lang='lat' dir='ltr'>pro</span> <span class='ocrx_word' id='word_1_64' title='bbox 1253 378 1280 394; x_wconf 91' lang='lat' dir='ltr'>eo</span> 
     </span>
     <span class='ocr_line' id='line_1_7' title="bbox 121 399 1280 434; baseline -0.004 -7"><span class='ocrx_word' id='word_1_65' title='bbox 121 399 166 419; x_wconf 73' lang='lat'><strong>²1⁶·</strong></span> <span class='ocrx_word' id='word_1_66' title='bbox 212 405 277 434; x_wconf 83' lang='lat' dir='ltr'>quod</span> <span class='ocrx_word' id='word_1_67' title='bbox 289 405 314 427; x_wconf 87' lang='lat' dir='ltr'>in</span> <span class='ocrx_word' id='word_1_68' title='bbox 324 405 389 428; x_wconf 87' lang='lat' dir='ltr'>dicto</span> <span class='ocrx_word' id='word_1_69' title='bbox 401 406 506 428; x_wconf 84' lang='lat' dir='ltr'>Concilio</span> <span class='ocrx_word' id='word_1_70' title='bbox 523 406 631 428; x_wconf 78' lang='lat' dir='ltr'>absentes</span> <span class='ocrx_word' id='word_1_71' title='bbox 648 407 735 432; x_wconf 81' lang='lat' dir='ltr'>fuistis,</span> <span class='ocrx_word' id='word_1_72' title='bbox 749 406 855 428; x_wconf 89' lang='lat' dir='ltr'>volentes</span> <span class='ocrx_word' id='word_1_73' title='bbox 866 405 988 428; x_wconf 83' lang='lat' dir='ltr'>eerciorari</span> <span class='ocrx_word' id='word_1_74' title='bbox 1001 406 1081 427; x_wconf 78' lang='lat' dir='ltr'>utrum</span> <span class='ocrx_word' id='word_1_75' title='bbox 1093 403 1160 426; x_wconf 90' lang='lat' dir='ltr'>vobis</span> <span class='ocrx_word' id='word_1_76' title='bbox 1171 402 1280 424; x_wconf 85' lang='lat' dir='ltr'>videatur</span> 
     </span>
     <span class='ocr_line' id='line_1_8' title="bbox 211 431 1280 464; baseline -0.004 -7"><span class='ocrx_word' id='word_1_77' title='bbox 211 435 276 463; x_wconf 86' lang='lat' dir='ltr'>qnod</span> <span class='ocrx_word' id='word_1_78' title='bbox 293 436 466 464; x_wconf 72' lang='lat' dir='ltr'>responsiones,</span> <span class='ocrx_word' id='word_1_79' title='bbox 483 436 617 464; x_wconf 84' lang='lat' dir='ltr'>consilium,</span> <span class='ocrx_word' id='word_1_80' title='bbox 636 436 768 464; x_wconf 79' lang='lat' dir='ltr'>requisicio,</span> <span class='ocrx_word' id='word_1_81' title='bbox 787 437 811 458; x_wconf 86' lang='lat' dir='ltr'>et</span> <span class='ocrx_word' id='word_1_82' title='bbox 828 442 956 457; x_wconf 84' lang='lat' dir='ltr'>consensus</span> <span class='ocrx_word' id='word_1_83' title='bbox 972 442 1014 463; x_wconf 79' lang='lat' dir='ltr'>per</span> <span class='ocrx_word' id='word_1_84' title='bbox 1029 433 1148 463; x_wconf 87' lang='lat' dir='ltr'>predictos</span> <span class='ocrx_word' id='word_1_85' title='bbox 1160 431 1280 459; x_wconf 88' lang='lat' dir='ltr'>Archiepi-</span> 
     </span>
     <span class='ocr_line' id='line_1_9' title="bbox 211 461 1279 494; baseline -0.004 -8"><span class='ocrx_word' id='word_1_86' title='bbox 211 471 311 493; x_wconf 86' lang='lat' dir='ltr'>scopum</span> <span class='ocrx_word' id='word_1_87' title='bbox 319 466 343 487; x_wconf 89' lang='lat' dir='ltr'>et</span> <span class='ocrx_word' id='word_1_88' title='bbox 354 465 468 493; x_wconf 79' lang='lat' dir='ltr'>Prelatos,</span> <span class='ocrx_word' id='word_1_89' title='bbox 481 465 505 487; x_wconf 89' lang='lat' dir='ltr'>in</span> <span class='ocrx_word' id='word_1_90' title='bbox 518 465 581 488; x_wconf 79' lang='lat' dir='ltr'>dicto</span> <span class='ocrx_word' id='word_1_91' title='bbox 591 466 696 488; x_wconf 81' lang='lat' dir='ltr'>Concilio</span> <span class='ocrx_word' id='word_1_92' title='bbox 708 471 766 488; x_wconf 87' lang='lat' dir='ltr'>tunc</span> <span class='ocrx_word' id='word_1_93' title='bbox 779 467 907 494; x_wconf 81' lang='lat' dir='ltr'>presentes,</span> <span class='ocrx_word' id='word_1_94' title='bbox 921 466 945 487; x_wconf 85' lang='lat' dir='ltr'>et</span> <span class='ocrx_word' id='word_1_95' title='bbox 956 471 997 493; x_wconf 90' lang='lat' dir='ltr'>per</span> <span class='ocrx_word' id='word_1_96' title='bbox 1008 463 1127 493; x_wconf 87' lang='lat' dir='ltr'>predictos</span> <span class='ocrx_word' id='word_1_97' title='bbox 1139 461 1243 484; x_wconf 78' lang='lat' dir='ltr'>Comites</span> <span class='ocrx_word' id='word_1_98' title='bbox 1254 462 1279 483; x_wconf 83' lang='lat' dir='ltr'>et</span> 
     </span>
     <span class='ocr_line' id='line_1_10' title="bbox 212 490 1279 524; baseline -0.004 -8"><span class='ocrx_word' id='word_1_99' title='bbox 212 494 322 516; x_wconf 85' lang='lat' dir='ltr'>Proceres</span> <span class='ocrx_word' id='word_1_100' title='bbox 334 501 360 516; x_wconf 84' lang='lat' dir='ltr'>ac</span> <span class='ocrx_word' id='word_1_101' title='bbox 372 496 461 517; x_wconf 79' lang='lat' dir='ltr'>ceteros</span> <span class='ocrx_word' id='word_1_102' title='bbox 472 495 501 517; x_wconf 90' lang='lat' dir='ltr'>de</span> <span class='ocrx_word' id='word_1_103' title='bbox 513 495 618 517; x_wconf 88' lang='lat' dir='ltr'>Consilio</span> <span class='ocrx_word' id='word_1_104' title='bbox 630 497 711 517; x_wconf 78' lang='lat' dir='ltr'>nostro</span> <span class='ocrx_word' id='word_1_105' title='bbox 722 495 791 517; x_wconf 86' lang='lat' dir='ltr'>nobis</span> <span class='ocrx_word' id='word_1_106' title='bbox 802 502 875 524; x_wconf 86' lang='lat' dir='ltr'>super</span> <span class='ocrx_word' id='word_1_107' title='bbox 890 495 986 523; x_wconf 85' lang='lat' dir='ltr'>negocio</span> <span class='ocrx_word' id='word_1_108' title='bbox 997 493 1104 523; x_wconf 83' lang='lat' dir='ltr'>predicto</span> <span class='ocrx_word' id='word_1_109' title='bbox 1115 492 1148 514; x_wconf 88' lang='lat' dir='ltr'>sic</span> <span class='ocrx_word' id='word_1_110' title='bbox 1160 491 1223 513; x_wconf 82' lang='lat' dir='ltr'>facta</span> <span class='ocrx_word' id='word_1_111' title='bbox 1234 490 1279 512; x_wconf 88' lang='lat' dir='ltr'>rite</span> 
     </span>
     <span class='ocr_line' id='line_1_11' title="bbox 212 520 1280 553; baseline -0.003 -8"><span class='ocrx_word' id='word_1_112' title='bbox 212 524 275 546; x_wconf 83' lang='lat' dir='ltr'>facta</span> <span class='ocrx_word' id='word_1_113' title='bbox 291 524 388 552; x_wconf 86' lang='lat' dir='ltr'>fuerint,</span> <span class='ocrx_word' id='word_1_114' title='bbox 409 525 434 546; x_wconf 89' lang='lat' dir='ltr'>et</span> <span class='ocrx_word' id='word_1_115' title='bbox 450 526 533 546; x_wconf 86' lang='lat' dir='ltr'>utrum</span> <span class='ocrx_word' id='word_1_116' title='bbox 551 525 639 547; x_wconf 83' lang='lat' dir='ltr'>eisdem</span> <span class='ocrx_word' id='word_1_117' title='bbox 659 525 852 553; x_wconf 65' lang='lat' dir='ltr'>responsionibus</span> <span class='ocrx_word' id='word_1_118' title='bbox 869 526 893 547; x_wconf 87' lang='lat' dir='ltr'>et</span> <span class='ocrx_word' id='word_1_119' title='bbox 912 524 1017 552; x_wconf 82' lang='lat' dir='ltr'>consilio,</span> <span class='ocrx_word' id='word_1_120' title='bbox 1037 523 1156 552; x_wconf 80' lang='lat' dir='ltr'>quantuni</span> <span class='ocrx_word' id='word_1_121' title='bbox 1171 521 1197 543; x_wconf 91' lang='lat' dir='ltr'>in</span> <span class='ocrx_word' id='word_1_122' title='bbox 1212 520 1280 542; x_wconf 89' lang='lat' dir='ltr'>vobis</span> 
     </span>
     <span class='ocr_line' id='line_1_12' title="bbox 212 550 1280 583; baseline -0.003 -8"><span class='ocrx_word' id='word_1_123' title='bbox 212 554 248 575; x_wconf 88' lang='lat' dir='ltr'>est</span> <span class='ocrx_word' id='word_1_124' title='bbox 266 554 398 576; x_wconf 87' lang='lat' dir='ltr'>consentire</span> <span class='ocrx_word' id='word_1_125' title='bbox 415 554 539 576; x_wconf 85' lang='lat' dir='ltr'>volueritis</span> <span class='ocrx_word' id='word_1_126' title='bbox 558 562 638 583; x_wconf 81' lang='lat' dir='ltr'>necne,</span> <span class='ocrx_word' id='word_1_127' title='bbox 658 555 726 576; x_wconf 84' lang='lat' dir='ltr'>vobis</span> <span class='ocrx_word' id='word_1_128' title='bbox 744 554 893 581; x_wconf 78' lang='lat' dir='ltr'>mandamus,</span> <span class='ocrx_word' id='word_1_129' title='bbox 911 555 936 576; x_wconf 87' lang='lat' dir='ltr'>in</span> <span class='ocrx_word' id='word_1_130' title='bbox 953 553 999 575; x_wconf 78' lang='lat' dir='ltr'>fule</span> <span class='ocrx_word' id='word_1_131' title='bbox 1018 554 1042 575; x_wconf 86' lang='lat' dir='ltr'>et</span> <span class='ocrx_word' id='word_1_132' title='bbox 1060 551 1171 581; x_wconf 83' lang='lat' dir='ltr'>ligiancia</span> <span class='ocrx_word' id='word_1_133' title='bbox 1191 550 1280 579; x_wconf 88' lang='lat' dir='ltr'>quibus</span> 
     </span>
     <span class='ocr_line' id='line_1_13' title="bbox 212 579 1278 613; baseline -0.004 -8"><span class='ocrx_word' id='word_1_134' title='bbox 212 583 281 605; x_wconf 80' lang='lat' dir='ltr'>nobis</span> <span class='ocrx_word' id='word_1_135' title='bbox 292 583 413 611; x_wconf 87' lang='lat' dir='ltr'>tenemini,</span> <span class='ocrx_word' id='word_1_136' title='bbox 427 583 526 606; x_wconf 86' lang='lat' dir='ltr'>firmiter</span> <span class='ocrx_word' id='word_1_137' title='bbox 537 584 687 613; x_wconf 73' lang='lat' dir='ltr'>injungentes</span> <span class='ocrx_word' id='word_1_138' title='bbox 699 584 771 613; x_wconf 80' lang='lat' dir='ltr'>quod,</span> <span class='ocrx_word' id='word_1_139' title='bbox 782 584 864 606; x_wconf 79' lang='lat' dir='ltr'>habita</span> <span class='ocrx_word' id='word_1_140' title='bbox 875 583 1047 606; x_wconf 79' lang='lat' dir='ltr'>deliberacione</span> <span class='ocrx_word' id='word_1_141' title='bbox 1063 588 1134 610; x_wconf 84' lang='lat' dir='ltr'>super</span> <span class='ocrx_word' id='word_1_142' title='bbox 1149 579 1278 613; x_wconf 51' lang='lat' dir='ltr'>premissi-s,</span> 
     </span>
     <span class='ocr_line' id='line_1_14' title="bbox 212 609 1279 642; baseline -0.003 -8"><span class='ocrx_word' id='word_1_143' title='bbox 212 612 241 634; x_wconf 88' lang='lat' dir='ltr'>de</span> <span class='ocrx_word' id='word_1_144' title='bbox 259 619 286 634; x_wconf 87' lang='lat' dir='ltr'>eo</span> <span class='ocrx_word' id='word_1_145' title='bbox 303 613 367 641; x_wconf 86' lang='lat' dir='ltr'>quod</span> <span class='ocrx_word' id='word_1_146' title='bbox 384 613 439 635; x_wconf 84' lang='lat' dir='ltr'>inde</span> <span class='ocrx_word' id='word_1_147' title='bbox 456 614 584 639; x_wconf 78' lang='lat' dir='ltr'>senseritis¹</span> <span class='ocrx_word' id='word_1_148' title='bbox 598 617 622 636; x_wconf 84' lang='lat' dir='ltr'>et</span> <span class='ocrx_word' id='word_1_149' title='bbox 638 614 714 636; x_wconf 77' lang='lat' dir='ltr'>facere</span> <span class='ocrx_word' id='word_1_150' title='bbox 731 614 862 641; x_wconf 87' lang='lat' dir='ltr'>volueritis,</span> <span class='ocrx_word' id='word_1_151' title='bbox 876 621 902 635; x_wconf 90' lang='lat' dir='ltr'>ac</span> <span class='ocrx_word' id='word_1_152' title='bbox 918 620 960 642; x_wconf 86' lang='lat' dir='ltr'>per</span> <span class='ocrx_word' id='word_1_153' title='bbox 977 619 1019 635; x_wconf 90' lang='lat' dir='ltr'>nos</span> <span class='ocrx_word' id='word_1_154' title='bbox 1031 610 1181 634; x_wconf 85' lang='lat' dir='ltr'>consuleritis</span> <span class='ocrx_word' id='word_1_155' title='bbox 1192 609 1243 631; x_wconf 83' lang='lat' dir='ltr'>fieri</span> <span class='ocrx_word' id='word_1_156' title='bbox 1253 616 1279 631; x_wconf 86' lang='lat' dir='ltr'>in</span> 
     </span>
     <span class='ocr_line' id='line_1_15' title="bbox 213 639 1279 672; baseline -0.004 -8"><span class='ocrx_word' id='word_1_157' title='bbox 213 642 309 670; x_wconf 83' lang='lat' dir='ltr'>eisdem,</span> <span class='ocrx_word' id='word_1_158' title='bbox 327 649 370 671; x_wconf 92' lang='lat' dir='ltr'>per</span> <span class='ocrx_word' id='word_1_159' title='bbox 386 644 475 665; x_wconf 84' lang='lat' dir='ltr'>vestras</span> <span class='ocrx_word' id='word_1_160' title='bbox 491 643 602 666; x_wconf 80' lang='lat' dir='ltr'>Patentes</span> <span class='ocrx_word' id='word_1_161' title='bbox 620 644 719 671; x_wconf 85' lang='lat' dir='ltr'>Literas,</span> <span class='ocrx_word' id='word_1_162' title='bbox 742 643 792 665; x_wconf 88' lang='lat' dir='ltr'>sine</span> <span class='ocrx_word' id='word_1_163' title='bbox 814 643 930 665; x_wconf 81' lang='lat' dir='ltr'>dilacione</span> <span class='ocrx_word' id='word_1_164' title='bbox 951 642 1065 672; x_wconf 78' lang='lat' dir='ltr'>qualibet,</span> <span class='ocrx_word' id='word_1_165' title='bbox 1088 639 1224 663; x_wconf 79' lang='lat' dir='ltr'>rescribatis</span> <span class='ocrx_word' id='word_1_166' title='bbox 1244 645 1279 661; x_wconf 84' lang='lat' dir='ltr'>re-</span> 
     </span>
     <span class='ocr_line' id='line_1_16' title="bbox 212 669 1163 702; baseline -0.002 -9"><span class='ocrx_word' id='word_1_167' title='bbox 212 672 336 694; x_wconf 71' lang='lat' dir='ltr'>mittentes</span> <span class='ocrx_word' id='word_1_168' title='bbox 347 672 416 694; x_wconf 86' lang='lat' dir='ltr'>nobis</span> <span class='ocrx_word' id='word_1_169' title='bbox 427 672 472 694; x_wconf 82' lang='lat' dir='ltr'>hoc</span> <span class='ocrx_word' id='word_1_170' title='bbox 484 673 669 695; x_wconf 68' lang='lat' dir='ltr'>Breve—Teste</span> <span class='ocrx_word' id='word_1_171' title='bbox 681 673 779 702; x_wconf 81' lang='lat' dir='ltr'>meipso,</span> <span class='ocrx_word' id='word_1_172' title='bbox 792 673 858 702; x_wconf 83' lang='lat' dir='ltr'>apud</span> <span class='ocrx_word' id='word_1_173' title='bbox 871 672 1036 701; x_wconf 78' lang='lat' dir='ltr'>Wigorniam’&#39;</span> <span class='ocrx_word' id='word_1_174' title='bbox 1053 671 1078 700; x_wconf 75' lang='lat'>[4</span> <span class='ocrx_word' id='word_1_175' title='bbox 1089 671 1104 693; x_wconf 86' lang='lat' dir='ltr'><strong>J</strong></span> <span class='ocrx_word' id='word_1_176' title='bbox 1107 669 1163 699; x_wconf 82' lang='lat' dir='ltr'>an.].</span> 
     </span>
     <span class='ocr_line' id='line_1_17' title="bbox 182 698 1277 731; baseline -0.003 -8"><span class='ocrx_word' id='word_1_177' title='bbox 182 698 425 730; x_wconf 68' lang='lat' dir='ltr'>409.—“Responsio</span> <span class='ocrx_word' id='word_1_178' title='bbox 442 702 475 724; x_wconf 76' lang='lat' dir='ltr'>ad</span> <span class='ocrx_word' id='word_1_179' title='bbox 492 703 565 725; x_wconf 67' lang='lat' dir='ltr'>Breve</span> <span class='ocrx_word' id='word_1_180' title='bbox 577 703 687 731; x_wconf 59' lang='lat' dir='ltr'>proximo</span> <span class='ocrx_word' id='word_1_181' title='bbox 706 703 831 731; x_wconf 75' lang='lat' dir='ltr'>precedens</span> <span class='ocrx_word' id='word_1_182' title='bbox 841 701 1086 726; x_wconf 80' lang='lat' dir='ltr'>:—Excellentissimo</span> <span class='ocrx_word' id='word_1_183' title='bbox 1098 699 1210 728; x_wconf 76' lang='lat' dir='ltr'>Principi,</span> <span class='ocrx_word' id='word_1_184' title='bbox 1223 699 1277 726; x_wconf 59' lang='lat' dir='ltr'>etc„</span> 
     </span>
     <span class='ocr_line' id='line_1_18' title="bbox 213 727 1281 761; baseline -0.004 -8"><span class='ocrx_word' id='word_1_185' title='bbox 213 731 342 760; x_wconf 84' lang='lat' dir='ltr'>Walterns,</span> <span class='ocrx_word' id='word_1_186' title='bbox 355 732 568 760; x_wconf 74' lang='lat' dir='ltr'>ete.—Majestatis</span> <span class='ocrx_word' id='word_1_187' title='bbox 580 734 657 755; x_wconf 80' lang='lat' dir='ltr'>vestre</span> <span class='ocrx_word' id='word_1_188' title='bbox 670 733 740 761; x_wconf 74' lang='lat' dir='ltr'>Regie</span> <span class='ocrx_word' id='word_1_189' title='bbox 753 733 827 754; x_wconf 84' lang='lat' dir='ltr'>Breve</span> <span class='ocrx_word' id='word_1_190' title='bbox 843 733 983 761; x_wconf 79' lang='lat' dir='ltr'>recepimus,</span> <span class='ocrx_word' id='word_1_191' title='bbox 996 731 1061 760; x_wconf 88' lang='lat' dir='ltr'>quod</span> <span class='ocrx_word' id='word_1_192' title='bbox 1076 730 1133 752; x_wconf 82' lang='lat' dir='ltr'>huic</span> <span class='ocrx_word' id='word_1_193' title='bbox 1143 729 1222 751; x_wconf 88' lang='lat' dir='ltr'>Litere</span> <span class='ocrx_word' id='word_1_194' title='bbox 1236 727 1281 750; x_wconf 87' lang='lat' dir='ltr'>sub</span> 
     </span>
     <span class='ocr_line' id='line_1_19' title="bbox 213 757 1282 789; baseline -0.003 -6"><span class='ocrx_word' id='word_1_195' title='bbox 213 761 291 789; x_wconf 84' lang='lat' dir='ltr'>sigillo</span> <span class='ocrx_word' id='word_1_196' title='bbox 312 762 394 783; x_wconf 89' lang='lat' dir='ltr'>nostro</span> <span class='ocrx_word' id='word_1_197' title='bbox 412 768 532 783; x_wconf 80' lang='lat' dir='ltr'>annexum</span> <span class='ocrx_word' id='word_1_198' title='bbox 553 764 630 785; x_wconf 80' lang='lat' dir='ltr'>vestre</span> <span class='ocrx_word' id='word_1_199' title='bbox 652 762 802 789; x_wconf 70' lang='lat' dir='ltr'>eelsitudini,</span> <span class='ocrx_word' id='word_1_200' title='bbox 825 763 854 784; x_wconf 87' lang='lat' dir='ltr'>ut</span> <span class='ocrx_word' id='word_1_201' title='bbox 875 762 1010 789; x_wconf 80' lang='lat' dir='ltr'>mandatur,</span> <span class='ocrx_word' id='word_1_202' title='bbox 1032 760 1186 786; x_wconf 76' lang='lat' dir='ltr'>remittimus⁷</span> <span class='ocrx_word' id='word_1_203' title='bbox 1210 759 1234 780; x_wconf 89' lang='lat' dir='ltr'>et</span> <span class='ocrx_word' id='word_1_204' title='bbox 1251 757 1282 780; x_wconf 82' lang='lat' dir='ltr'>ad</span> 
     </span>
     <span class='ocr_line' id='line_1_20' title="bbox 213 789 1280 820; baseline -0.003 -8"><span class='ocrx_word' id='word_1_205' title='bbox 213 792 325 813; x_wconf 84' lang='lat' dir='ltr'>contenta</span> <span class='ocrx_word' id='word_1_206' title='bbox 340 791 364 812; x_wconf 92' lang='lat' dir='ltr'>in</span> <span class='ocrx_word' id='word_1_207' title='bbox 381 791 471 819; x_wconf 84' lang='lat' dir='ltr'>eodem,</span> <span class='ocrx_word' id='word_1_208' title='bbox 489 793 607 820; x_wconf 83' lang='lat' dir='ltr'>quatenus</span> <span class='ocrx_word' id='word_1_209' title='bbox 624 792 776 820; x_wconf 75' lang='lat' dir='ltr'>singulariter</span> <span class='ocrx_word' id='word_1_210' title='bbox 792 793 815 814; x_wconf 85' lang='lat' dir='ltr'>et</span> <span class='ocrx_word' id='word_1_211' title='bbox 827 792 916 820; x_wconf 78' lang='lat' dir='ltr'>absque</span> <span class='ocrx_word' id='word_1_212' title='bbox 934 791 1018 819; x_wconf 81' lang='lat' dir='ltr'>maj0ri</span> <span class='ocrx_word' id='word_1_213' title='bbox 1035 789 1207 812; x_wconf 79' lang='lat' dir='ltr'>deliberacione</span> <span class='ocrx_word' id='word_1_214' title='bbox 1226 793 1280 810; x_wconf 84' lang='lat' dir='ltr'>cnm</span> 
     </span>
     <span class='ocr_line' id='line_1_21' title="bbox 213 817 1277 850; baseline -0.003 -8"><span class='ocrx_word' id='word_1_215' title='bbox 213 820 394 842; x_wconf 83' lang='lat' dir='ltr'>discrecioribus</span> <span class='ocrx_word' id='word_1_216' title='bbox 412 821 442 842; x_wconf 81' lang='lat' dir='ltr'>ad</span> <span class='ocrx_word' id='word_1_217' title='bbox 460 828 556 849; x_wconf 86' lang='lat' dir='ltr'>presens</span> <span class='ocrx_word' id='word_1_218' title='bbox 575 829 709 850; x_wconf 80' lang='lat' dir='ltr'>possumus,</span> <span class='ocrx_word' id='word_1_219' title='bbox 729 822 802 850; x_wconf 90' lang='lat' dir='ltr'>prout</span> <span class='ocrx_word' id='word_1_220' title='bbox 820 822 929 850; x_wconf 86' lang='lat' dir='ltr'>sequitur</span> <span class='ocrx_word' id='word_1_221' title='bbox 949 820 1136 849; x_wconf 73' lang='lat' dir='ltr'>respondemus3</span> <span class='ocrx_word' id='word_1_222' title='bbox 1159 817 1277 845; x_wconf 85' lang='lat' dir='ltr'>videlicet,</span> 
     </span>
     <span class='ocr_line' id='line_1_22' title="bbox 213 846 1280 880; baseline -0.003 -9"><span class='ocrx_word' id='word_1_223' title='bbox 213 850 279 878; x_wconf 82' lang='lat' dir='ltr'>qnod</span> <span class='ocrx_word' id='word_1_224' title='bbox 296 850 499 879; x_wconf 85' lang='lat' dir='ltr'>responsionibus,</span> <span class='ocrx_word' id='word_1_225' title='bbox 517 851 624 879; x_wconf 76' lang='lat' dir='ltr'>consilio,</span> <span class='ocrx_word' id='word_1_226' title='bbox 640 851 799 880; x_wconf 74' lang='lat' dir='ltr'>requisicioni,</span> <span class='ocrx_word' id='word_1_227' title='bbox 818 853 842 873; x_wconf 86' lang='lat' dir='ltr'>ct</span> <span class='ocrx_word' id='word_1_228' title='bbox 858 851 982 873; x_wconf 83' lang='lat' dir='ltr'>consensui</span> <span class='ocrx_word' id='word_1_229' title='bbox 999 849 1095 872; x_wconf 86' lang='lat' dir='ltr'>Domini</span> <span class='ocrx_word' id='word_1_230' title='bbox 1111 848 1186 871; x_wconf 74' lang='lat' dir='ltr'>nostri</span> <span class='ocrx_word' id='word_1_231' title='bbox 1198 846 1280 869; x_wconf 83' lang='lat' dir='ltr'>Archi-</span> 
     </span>
     <span class='ocr_line' id='line_1_23' title="bbox 213 876 1280 911; baseline -0.003 -10"><span class='ocrx_word' id='word_1_232' title='bbox 213 880 326 908; x_wconf 82' lang='lat' dir='ltr'>episeopi,</span> <span class='ocrx_word' id='word_1_233' title='bbox 340 880 499 911; x_wconf 69' lang='lat' dir='ltr'>Prelatornm,</span> <span class='ocrx_word' id='word_1_234' title='bbox 512 881 581 909; x_wconf 74' lang='lat' dir='ltr'>Cleri,</span> <span class='ocrx_word' id='word_1_235' title='bbox 595 881 724 908; x_wconf 83' lang='lat' dir='ltr'>Comitum,</span> <span class='ocrx_word' id='word_1_236' title='bbox 738 881 872 908; x_wconf 78' lang='lat' dir='ltr'>Procerum,</span> <span class='ocrx_word' id='word_1_237' title='bbox 885 880 1087 907; x_wconf 79' lang='lat' dir='ltr'>Justiciariorum,</span> <span class='ocrx_word' id='word_1_238' title='bbox 1100 880 1124 901; x_wconf 86' lang='lat' dir='ltr'>et</span> <span class='ocrx_word' id='word_1_239' title='bbox 1140 878 1240 900; x_wconf 85' lang='lat' dir='ltr'>aliorum</span> <span class='ocrx_word' id='word_1_240' title='bbox 1251 876 1280 898; x_wconf 89' lang='lat' dir='ltr'>de</span> 
     </span>
     <span class='ocr_line' id='line_1_24' title="bbox 213 906 1281 938; baseline -0.003 -7"><span class='ocrx_word' id='word_1_241' title='bbox 213 909 319 931; x_wconf 87' lang='lat' dir='ltr'>Concilio</span> <span class='ocrx_word' id='word_1_242' title='bbox 340 911 426 938; x_wconf 84' lang='lat' dir='ltr'>vestro,</span> <span class='ocrx_word' id='word_1_243' title='bbox 450 916 522 938; x_wconf 75' lang='lat' dir='ltr'>super</span> <span class='ocrx_word' id='word_1_244' title='bbox 547 911 697 933; x_wconf 84' lang='lat' dir='ltr'>revocaeione</span> <span class='ocrx_word' id='word_1_245' title='bbox 722 910 925 933; x_wconf 80' lang='lat' dir='ltr'>Consideracionis</span> <span class='ocrx_word' id='word_1_246' title='bbox 950 910 1016 932; x_wconf 79' lang='lat' dir='ltr'>exilii</span> <span class='ocrx_word' id='word_1_247' title='bbox 1042 910 1065 931; x_wconf 87' lang='lat' dir='ltr'>et</span> <span class='ocrx_word' id='word_1_248' title='bbox 1091 906 1281 930; x_wconf 72' lang='lat' dir='ltr'>exheredacionis</span> 
     </span>
     <span class='ocr_line' id='line_1_25' title="bbox 213 935 1280 969; baseline -0.003 -9"><span class='ocrx_word' id='word_1_249' title='bbox 213 938 371 961; x_wconf 86' lang='lat' dir='ltr'>Dominorum</span> <span class='ocrx_word' id='word_1_250' title='bbox 383 939 493 968; x_wconf 77' lang='lat' dir='ltr'>Hugonis</span> <span class='ocrx_word' id='word_1_251' title='bbox 510 940 531 962; x_wconf 82' lang='lat' dir='ltr'>le</span> <span class='ocrx_word' id='word_1_252' title='bbox 548 941 675 969; x_wconf 87' lang='lat' dir='ltr'>Depenser,</span> <span class='ocrx_word' id='word_1_253' title='bbox 689 940 794 968; x_wconf 85' lang='lat' dir='ltr'>senioris,</span> <span class='ocrx_word' id='word_1_254' title='bbox 813 941 837 962; x_wconf 87' lang='lat' dir='ltr'>et</span> <span class='ocrx_word' id='word_1_255' title='bbox 854 939 964 968; x_wconf 81' lang='lat' dir='ltr'>Hugonis</span> <span class='ocrx_word' id='word_1_256' title='bbox 980 939 1001 961; x_wconf 93' lang='lat' dir='ltr'>le</span> <span class='ocrx_word' id='word_1_257' title='bbox 1017 939 1158 967; x_wconf 88' lang='lat' dir='ltr'>Despenser,</span> <span class='ocrx_word' id='word_1_258' title='bbox 1168 935 1280 969; x_wconf 71' lang='lat' dir='ltr'>junioris,</span> 
     </span>
     <span class='ocr_line' id='line_1_26' title="bbox 213 965 1279 997; baseline -0.003 -7"><span class='ocrx_word' id='word_1_259' title='bbox 213 968 242 990; x_wconf 85' lang='lat' dir='ltr'>de</span> <span class='ocrx_word' id='word_1_260' title='bbox 254 969 341 997; x_wconf 89' lang='lat' dir='ltr'>quibus</span> <span class='ocrx_word' id='word_1_261' title='bbox 353 969 377 990; x_wconf 93' lang='lat' dir='ltr'>in</span> <span class='ocrx_word' id='word_1_262' title='bbox 389 969 453 991; x_wconf 85' lang='lat' dir='ltr'>dicto</span> <span class='ocrx_word' id='word_1_263' title='bbox 465 969 535 991; x_wconf 85' lang='lat' dir='ltr'>Brevi</span> <span class='ocrx_word' id='word_1_264' title='bbox 546 970 573 992; x_wconf 85' lang='lat' dir='ltr'>fit</span> <span class='ocrx_word' id='word_1_265' title='bbox 583 970 681 996; x_wconf 82' lang='lat' dir='ltr'>mencio,</span> <span class='ocrx_word' id='word_1_266' title='bbox 691 970 803 992; x_wconf 77' lang='lat' dir='ltr'>nolumus</span> <span class='ocrx_word' id='word_1_267' title='bbox 815 970 974 992; x_wconf 78' lang='lat' dir='ltr'>contradicere</span> <span class='ocrx_word' id='word_1_268' title='bbox 984 976 989 996; x_wconf 90' lang='lat'>;</span> <span class='ocrx_word' id='word_1_269' title='bbox 1001 970 1038 991; x_wconf 87' lang='lat' dir='ltr'>set</span> <span class='ocrx_word' id='word_1_270' title='bbox 1048 975 1096 990; x_wconf 85' lang='lat' dir='ltr'>non</span> <span class='ocrx_word' id='word_1_271' title='bbox 1104 967 1200 989; x_wconf 84' lang='lat' dir='ltr'>videtur</span> <span class='ocrx_word' id='word_1_272' title='bbox 1210 965 1279 988; x_wconf 87' lang='lat' dir='ltr'>nobis</span> 
     </span>
     <span class='ocr_line' id='line_1_27' title="bbox 213 995 1279 1028; baseline -0.004 -8"><span class='ocrx_word' id='word_1_273' title='bbox 213 999 237 1020; x_wconf 86' lang='lat' dir='ltr'>et</span> <span class='ocrx_word' id='word_1_274' title='bbox 259 999 341 1020; x_wconf 83' lang='lat' dir='ltr'>nostro</span> <span class='ocrx_word' id='word_1_275' title='bbox 359 999 460 1021; x_wconf 86' lang='lat' dir='ltr'>concilio</span> <span class='ocrx_word' id='word_1_276' title='bbox 478 999 543 1027; x_wconf 84' lang='lat' dir='ltr'>quod</span> <span class='ocrx_word' id='word_1_277' title='bbox 562 1000 651 1027; x_wconf 82' lang='lat' dir='ltr'>deceat,</span> <span class='ocrx_word' id='word_1_278' title='bbox 672 1000 790 1028; x_wconf 81' lang='lat' dir='ltr'>expediat,</span> <span class='ocrx_word' id='word_1_279' title='bbox 814 999 850 1021; x_wconf 76' lang='lat' dir='ltr'>vel</span> <span class='ocrx_word' id='word_1_280' title='bbox 867 1000 983 1027; x_wconf 84' lang='lat' dir='ltr'>oporteat,</span> <span class='ocrx_word' id='word_1_281' title='bbox 1001 999 1092 1027; x_wconf 84' lang='lat' dir='ltr'>absque</span> <span class='ocrx_word' id='word_1_282' title='bbox 1107 995 1279 1019; x_wconf 81' lang='lat' dir='ltr'>deliberacione</span> 
     </span>
     <span class='ocr_line' id='line_1_28' title="bbox 213 1026 1279 1058; baseline -0.002 -9"><span class='ocrx_word' id='word_1_283' title='bbox 213 1028 334 1050; x_wconf 86' lang='lat' dir='ltr'>communi</span> <span class='ocrx_word' id='word_1_284' title='bbox 350 1029 374 1050; x_wconf 84' lang='lat' dir='ltr'>et</span> <span class='ocrx_word' id='word_1_285' title='bbox 389 1028 491 1057; x_wconf 87' lang='lat' dir='ltr'>pleniori</span> <span class='ocrx_word' id='word_1_286' title='bbox 502 1029 655 1057; x_wconf 86' lang='lat' dir='ltr'>discussione,</span> <span class='ocrx_word' id='word_1_287' title='bbox 669 1036 741 1058; x_wconf 83' lang='lat' dir='ltr'>super</span> <span class='ocrx_word' id='word_1_288' title='bbox 756 1029 826 1051; x_wconf 85' lang='lat' dir='ltr'>modo</span> <span class='ocrx_word' id='word_1_289' title='bbox 843 1030 867 1051; x_wconf 87' lang='lat' dir='ltr'>et</span> <span class='ocrx_word' id='word_1_290' title='bbox 883 1029 959 1051; x_wconf 78' lang='lat' dir='ltr'>forma</span> <span class='ocrx_word' id='word_1_291' title='bbox 974 1030 998 1051; x_wconf 83' lang='lat' dir='ltr'>et</span> <span class='ocrx_word' id='word_1_292' title='bbox 1009 1027 1108 1050; x_wconf 85' lang='lat' dir='ltr'>materia</span> <span class='ocrx_word' id='word_1_293' title='bbox 1118 1026 1279 1055; x_wconf 76' lang='lat' dir='ltr'>predictarum</span> 
     </span>
     <span class='ocr_line' id='line_1_29' title="bbox 213 1054 1279 1087; baseline -0.003 -8"><span class='ocrx_word' id='word_1_294' title='bbox 213 1057 417 1080; x_wconf 85' lang='lat' dir='ltr'>Consideracionis</span> <span class='ocrx_word' id='word_1_295' title='bbox 434 1060 593 1081; x_wconf 84' lang='lat' dir='ltr'>revocacionis</span> <span class='ocrx_word' id='word_1_296' title='bbox 614 1059 680 1081; x_wconf 86' lang='lat' dir='ltr'>exilii</span> <span class='ocrx_word' id='word_1_297' title='bbox 697 1062 721 1081; x_wconf 83' lang='lat' dir='ltr'>et</span> <span class='ocrx_word' id='word_1_298' title='bbox 740 1059 939 1087; x_wconf 78' lang='lat' dir='ltr'>exheredacionis,</span> <span class='ocrx_word' id='word_1_299' title='bbox 957 1065 1011 1080; x_wconf 90' lang='lat' dir='ltr'>cum</span> <span class='ocrx_word' id='word_1_300' title='bbox 1030 1057 1113 1086; x_wconf 86' lang='lat' dir='ltr'>peritis</span> <span class='ocrx_word' id='word_1_301' title='bbox 1129 1056 1158 1078; x_wconf 84' lang='lat' dir='ltr'>de</span> <span class='ocrx_word' id='word_1_302' title='bbox 1175 1054 1279 1078; x_wconf 78' lang='lat' dir='ltr'>Consilio</span> 
     </span>
     <span class='ocr_line' id='line_1_30' title="bbox 212 1086 1279 1117; baseline -0.003 -8"><span class='ocrx_word' id='word_1_303' title='bbox 212 1088 298 1115; x_wconf 85' lang='lat' dir='ltr'>vestro,</span> <span class='ocrx_word' id='word_1_304' title='bbox 312 1089 411 1116; x_wconf 88' lang='lat' dir='ltr'>propter</span> <span class='ocrx_word' id='word_1_305' title='bbox 424 1088 531 1117; x_wconf 83' lang='lat' dir='ltr'>pericula</span> <span class='ocrx_word' id='word_1_306' title='bbox 542 1096 587 1117; x_wconf 89' lang='lat' dir='ltr'>qne</span> <span class='ocrx_word' id='word_1_307' title='bbox 599 1089 653 1110; x_wconf 81' lang='lat' dir='ltr'>inde</span> <span class='ocrx_word' id='word_1_308' title='bbox 665 1089 764 1110; x_wconf 78' lang='lat' dir='ltr'>forsitan</span> <span class='ocrx_word' id='word_1_309' title='bbox 776 1089 867 1110; x_wconf 87' lang='lat' dir='ltr'>evenire</span> <span class='ocrx_word' id='word_1_310' title='bbox 884 1089 1004 1117; x_wconf 77' lang='lat' dir='ltr'>poterunt,</span> <span class='ocrx_word' id='word_1_311' title='bbox 1018 1089 1042 1110; x_wconf 85' lang='lat' dir='ltr'>et</span> <span class='ocrx_word' id='word_1_312' title='bbox 1053 1086 1128 1109; x_wconf 79' lang='lat' dir='ltr'>statui</span> <span class='ocrx_word' id='word_1_313' title='bbox 1139 1087 1220 1108; x_wconf 86' lang='lat' dir='ltr'>nostro</span> <span class='ocrx_word' id='word_1_314' title='bbox 1231 1090 1279 1106; x_wconf 88' lang='lat' dir='ltr'>non</span> 
     </span>
     <span class='ocr_line' id='line_1_31' title="bbox 212 1116 1277 1147; baseline -0.003 -9"><span class='ocrx_word' id='word_1_315' title='bbox 212 1117 363 1144; x_wconf 79' lang='lat' dir='ltr'>conveniunt,</span> <span class='ocrx_word' id='word_1_316' title='bbox 373 1124 415 1146; x_wconf 86' lang='lat' dir='ltr'>per</span> <span class='ocrx_word' id='word_1_317' title='bbox 422 1125 465 1140; x_wconf 88' lang='lat' dir='ltr'>nos</span> <span class='ocrx_word' id='word_1_318' title='bbox 472 1118 624 1146; x_wconf 74' lang='lat' dir='ltr'>singulariter</span> <span class='ocrx_word' id='word_1_319' title='bbox 630 1120 653 1140; x_wconf 88' lang='lat' dir='ltr'>et</span> <span class='ocrx_word' id='word_1_320' title='bbox 661 1125 769 1147; x_wconf 51' lang='lat' dir='ltr'>expresse</span> <span class='ocrx_word' id='word_1_321' title='bbox 779 1118 867 1140; x_wconf 78' lang='lat' dir='ltr'>eisdem</span> <span class='ocrx_word' id='word_1_322' title='bbox 874 1118 1013 1140; x_wconf 87' lang='lat' dir='ltr'>consentire.</span> <span class='ocrx_word' id='word_1_323' title='bbox 1047 1116 1179 1143; x_wconf 81' lang='lat' dir='ltr'>Credimus,</span> <span class='ocrx_word' id='word_1_324' title='bbox 1190 1116 1277 1142; x_wconf 83' lang='lat' dir='ltr'>tamen,</span> 
     </span>
     <span class='ocr_line' id='line_1_32' title="bbox 212 1144 1280 1176; baseline -0.004 -7"><span class='ocrx_word' id='word_1_325' title='bbox 212 1147 277 1174; x_wconf 82' lang='lat' dir='ltr'>quod</span> <span class='ocrx_word' id='word_1_326' title='bbox 288 1147 384 1175; x_wconf 79' lang='lat' dir='ltr'>Prelati,</span> <span class='ocrx_word' id='word_1_327' title='bbox 398 1147 488 1176; x_wconf 84' lang='lat' dir='ltr'>Clerus,</span> <span class='ocrx_word' id='word_1_328' title='bbox 505 1148 620 1175; x_wconf 80' lang='lat' dir='ltr'>Proceres,</span> <span class='ocrx_word' id='word_1_329' title='bbox 634 1148 775 1175; x_wconf 72' lang='lat' dir='ltr'>Justiciarii,</span> <span class='ocrx_word' id='word_1_330' title='bbox 786 1149 810 1170; x_wconf 85' lang='lat' dir='ltr'>et</span> <span class='ocrx_word' id='word_1_331' title='bbox 821 1148 891 1170; x_wconf 87' lang='lat' dir='ltr'>ceteri</span> <span class='ocrx_word' id='word_1_332' title='bbox 903 1147 932 1169; x_wconf 88' lang='lat' dir='ltr'>de</span> <span class='ocrx_word' id='word_1_333' title='bbox 943 1149 1021 1169; x_wconf 70' lang='lat' dir='ltr'>vestro</span> <span class='ocrx_word' id='word_1_334' title='bbox 1031 1146 1142 1173; x_wconf 87' lang='lat' dir='ltr'>Consilio,</span> <span class='ocrx_word' id='word_1_335' title='bbox 1152 1145 1181 1167; x_wconf 90' lang='lat' dir='ltr'>de</span> <span class='ocrx_word' id='word_1_336' title='bbox 1192 1144 1280 1173; x_wconf 86' lang='lat' dir='ltr'>quibus</span> 
     </span>
     <span class='ocr_line' id='line_1_33' title="bbox 212 1174 1276 1205; baseline -0.003 -7"><span class='ocrx_word' id='word_1_337' title='bbox 212 1176 240 1198; x_wconf 87' lang='lat' dir='ltr'>fit</span> <span class='ocrx_word' id='word_1_338' title='bbox 255 1177 346 1199; x_wconf 88' lang='lat' dir='ltr'>mencio</span> <span class='ocrx_word' id='word_1_339' title='bbox 363 1177 388 1199; x_wconf 92' lang='lat' dir='ltr'>in</span> <span class='ocrx_word' id='word_1_340' title='bbox 408 1177 472 1199; x_wconf 87' lang='lat' dir='ltr'>dicto</span> <span class='ocrx_word' id='word_1_341' title='bbox 491 1178 568 1205; x_wconf 83' lang='lat' dir='ltr'>Brevi,</span> <span class='ocrx_word' id='word_1_342' title='bbox 582 1178 645 1199; x_wconf 84' lang='lat' dir='ltr'>sicut</span> <span class='ocrx_word' id='word_1_343' title='bbox 661 1178 759 1200; x_wconf 81' lang='lat' dir='ltr'>fecerint</span> <span class='ocrx_word' id='word_1_344' title='bbox 778 1179 855 1199; x_wconf 71' lang='lat' dir='ltr'>vestre</span> <span class='ocrx_word' id='word_1_345' title='bbox 867 1177 1032 1199; x_wconf 82' lang='lat' dir='ltr'>Dominaeioni</span> <span class='ocrx_word' id='word_1_346' title='bbox 1042 1183 1089 1198; x_wconf 88' lang='lat' dir='ltr'>non</span> <span class='ocrx_word' id='word_1_347' title='bbox 1100 1174 1276 1204; x_wconf 84' lang='lat' dir='ltr'>responderent,</span> 
     </span>
     <span class='ocr_line' id='line_1_34' title="bbox 212 1203 1279 1237; baseline -0.002 -10"><span class='ocrx_word' id='word_1_348' title='bbox 212 1206 337 1228; x_wconf 86' lang='lat' dir='ltr'>consilium</span> <span class='ocrx_word' id='word_1_349' title='bbox 356 1207 447 1234; x_wconf 79' lang='lat' dir='ltr'>darent,</span> <span class='ocrx_word' id='word_1_350' title='bbox 466 1208 620 1237; x_wconf 86' lang='lat' dir='ltr'>requirerent,</span> <span class='ocrx_word' id='word_1_351' title='bbox 639 1207 677 1229; x_wconf 81' lang='lat' dir='ltr'>vel</span> <span class='ocrx_word' id='word_1_352' title='bbox 694 1208 861 1234; x_wconf 72' lang='lat' dir='ltr'>consentirent,</span> <span class='ocrx_word' id='word_1_353' title='bbox 879 1207 925 1228; x_wconf 82' lang='lat' dir='ltr'>nisi</span> <span class='ocrx_word' id='word_1_354' title='bbox 942 1206 1063 1228; x_wconf 79' lang='lat' dir='ltr'>crederent</span> <span class='ocrx_word' id='word_1_355' title='bbox 1080 1205 1122 1227; x_wconf 82' lang='lat' dir='ltr'>hec</span> <span class='ocrx_word' id='word_1_356' title='bbox 1139 1205 1183 1226; x_wconf 89' lang='lat' dir='ltr'>rite</span> <span class='ocrx_word' id='word_1_357' title='bbox 1202 1203 1279 1236; x_wconf 63' lang='lat' dir='ltr'>facte;</span> 
     </span>
     <span class='ocr_line' id='line_1_35' title="bbox 211 1233 1277 1265; baseline -0.003 -8"><span class='ocrx_word' id='word_1_358' title='bbox 211 1236 323 1264; x_wconf 81' lang='lat' dir='ltr'>precipue</span> <span class='ocrx_word' id='word_1_359' title='bbox 332 1243 386 1259; x_wconf 87' lang='lat' dir='ltr'>cum</span> <span class='ocrx_word' id='word_1_360' title='bbox 397 1237 445 1260; x_wconf 89' lang='lat' dir='ltr'>sint</span> <span class='ocrx_word' id='word_1_361' title='bbox 457 1237 563 1260; x_wconf 79' lang='lat' dir='ltr'>homines</span> <span class='ocrx_word' id='word_1_362' title='bbox 573 1244 627 1259; x_wconf 82' lang='lat' dir='ltr'>sane</span> <span class='ocrx_word' id='word_1_363' title='bbox 635 1237 785 1265; x_wconf 67' lang='lat' dir='ltr'>consciencie,</span> <span class='ocrx_word' id='word_1_364' title='bbox 795 1237 909 1265; x_wconf 78' lang='lat' dir='ltr'>profundi</span> <span class='ocrx_word' id='word_1_365' title='bbox 916 1236 1015 1264; x_wconf 85' lang='lat' dir='ltr'>consilii,</span> <span class='ocrx_word' id='word_1_366' title='bbox 1026 1242 1109 1263; x_wconf 72' lang='lat' dir='ltr'>magne</span> <span class='ocrx_word' id='word_1_367' title='bbox 1121 1233 1277 1260; x_wconf 78' lang='lat' dir='ltr'>discrecionis,</span> 
     </span>
     <span class='ocr_line' id='line_1_36' title="bbox 212 1263 1279 1295; baseline -0.002 -9"><span class='ocrx_word' id='word_1_368' title='bbox 212 1266 236 1287; x_wconf 88' lang='lat' dir='ltr'>et</span> <span class='ocrx_word' id='word_1_369' title='bbox 255 1266 279 1287; x_wconf 92' lang='lat' dir='ltr'>in</span> <span class='ocrx_word' id='word_1_370' title='bbox 296 1266 398 1295; x_wconf 84' lang='lat' dir='ltr'>Legibus</span> <span class='ocrx_word' id='word_1_371' title='bbox 413 1268 437 1288; x_wconf 90' lang='lat' dir='ltr'>et</span> <span class='ocrx_word' id='word_1_372' title='bbox 454 1267 673 1289; x_wconf 80' lang='lat' dir='ltr'>Consuetudinilms</span> <span class='ocrx_word' id='word_1_373' title='bbox 691 1267 766 1295; x_wconf 73' lang='lat' dir='ltr'>Regni</span> <span class='ocrx_word' id='word_1_374' title='bbox 782 1266 868 1295; x_wconf 83' lang='lat' dir='ltr'>Anglie</span> <span class='ocrx_word' id='word_1_375' title='bbox 887 1266 992 1288; x_wconf 85' lang='lat' dir='ltr'>multum</span> <span class='ocrx_word' id='word_1_376' title='bbox 1010 1265 1077 1287; x_wconf 80' lang='lat' dir='ltr'>scioli</span> <span class='ocrx_word' id='word_1_377' title='bbox 1096 1266 1120 1286; x_wconf 87' lang='lat' dir='ltr'>et</span> <span class='ocrx_word' id='word_1_378' title='bbox 1138 1263 1279 1286; x_wconf 85' lang='lat' dir='ltr'>sufficienter</span> 
     </span>
     <span class='ocr_line' id='line_1_37' title="bbox 211 1292 1274 1325; baseline -0.002 -9"><span class='ocrx_word' id='word_1_379' title='bbox 211 1295 311 1324; x_wconf 85' lang='lat' dir='ltr'>experti,</span> <span class='ocrx_word' id='word_1_380' title='bbox 325 1298 349 1318; x_wconf 91' lang='lat' dir='ltr'>et</span> <span class='ocrx_word' id='word_1_381' title='bbox 360 1297 432 1319; x_wconf 88' lang='lat' dir='ltr'>multi</span> <span class='ocrx_word' id='word_1_382' title='bbox 443 1303 525 1319; x_wconf 87' lang='lat' dir='ltr'>eorum</span> <span class='ocrx_word' id='word_1_383' title='bbox 537 1298 615 1318; x_wconf 85' lang='lat' dir='ltr'>vestro</span> <span class='ocrx_word' id='word_1_384' title='bbox 627 1296 731 1319; x_wconf 81' lang='lat' dir='ltr'>Consilio</span> <span class='ocrx_word' id='word_1_385' title='bbox 740 1296 869 1325; x_wconf 82' lang='lat' dir='ltr'>juramenti</span> <span class='ocrx_word' id='word_1_386' title='bbox 883 1296 976 1318; x_wconf 82' lang='lat' dir='ltr'>vinculo</span> <span class='ocrx_word' id='word_1_387' title='bbox 988 1295 1086 1317; x_wconf 83' lang='lat' dir='ltr'>firmiter</span> <span class='ocrx_word' id='word_1_388' title='bbox 1102 1293 1209 1321; x_wconf 88' lang='lat' dir='ltr'>astricti;</span> <span class='ocrx_word' id='word_1_389' title='bbox 1226 1292 1274 1321; x_wconf 86' lang='lat' dir='ltr'>qui,</span> 
     </span>
     <span class='ocr_line' id='line_1_38' title="bbox 211 1322 1278 1354; baseline -0.003 -8"><span class='ocrx_word' id='word_1_390' title='bbox 211 1325 293 1353; x_wconf 87' lang='lat' dir='ltr'>eciam,</span> <span class='ocrx_word' id='word_1_391' title='bbox 316 1326 423 1354; x_wconf 84' lang='lat' dir='ltr'>modum,</span> <span class='ocrx_word' id='word_1_392' title='bbox 436 1327 545 1353; x_wconf 82' lang='lat' dir='ltr'>formam,</span> <span class='ocrx_word' id='word_1_393' title='bbox 559 1328 583 1348; x_wconf 80' lang='lat' dir='ltr'>et</span> <span class='ocrx_word' id='word_1_394' title='bbox 601 1327 724 1348; x_wconf 75' lang='lat' dir='ltr'>materiam</span> <span class='ocrx_word' id='word_1_395' title='bbox 744 1326 851 1347; x_wconf 84' lang='lat' dir='ltr'>omnium</span> <span class='ocrx_word' id='word_1_396' title='bbox 868 1325 897 1347; x_wconf 82' lang='lat' dir='ltr'>(le</span> <span class='ocrx_word' id='word_1_397' title='bbox 915 1325 1003 1354; x_wconf 76' lang='lat' dir='ltr'>quibus</span> <span class='ocrx_word' id='word_1_398' title='bbox 1021 1325 1048 1347; x_wconf 83' lang='lat' dir='ltr'>fit</span> <span class='ocrx_word' id='word_1_399' title='bbox 1065 1324 1156 1346; x_wconf 86' lang='lat' dir='ltr'>mencio</span> <span class='ocrx_word' id='word_1_400' title='bbox 1174 1323 1198 1345; x_wconf 88' lang='lat' dir='ltr'>in</span> <span class='ocrx_word' id='word_1_401' title='bbox 1215 1322 1278 1344; x_wconf 90' lang='lat' dir='ltr'>dicto</span> 
     </span>
     <span class='ocr_line' id='line_1_39' title="bbox 210 1351 1276 1383; baseline -0.003 -7"><span class='ocrx_word' id='word_1_402' title='bbox 210 1354 280 1376; x_wconf 88' lang='lat' dir='ltr'>Brevi</span> <span class='ocrx_word' id='word_1_403' title='bbox 301 1355 363 1378; x_wconf 86' lang='lat' dir='ltr'>inter</span> <span class='ocrx_word' id='word_1_404' title='bbox 378 1363 402 1379; x_wconf 88' lang='lat' dir='ltr'>se</span> <span class='ocrx_word' id='word_1_405' title='bbox 419 1357 577 1378; x_wconf 85' lang='lat' dir='ltr'>communiter</span> <span class='ocrx_word' id='word_1_406' title='bbox 587 1357 717 1378; x_wconf 74' lang='lat' dir='ltr'>tractantes</span> <span class='ocrx_word' id='word_1_407' title='bbox 729 1357 752 1377; x_wconf 89' lang='lat' dir='ltr'>et</span> <span class='ocrx_word' id='word_1_408' title='bbox 764 1355 927 1383; x_wconf 82' lang='lat' dir='ltr'>discucientes,</span> <span class='ocrx_word' id='word_1_409' title='bbox 942 1355 1026 1377; x_wconf 90' lang='lat' dir='ltr'>melius</span> <span class='ocrx_word' id='word_1_410' title='bbox 1037 1361 1109 1382; x_wconf 84' lang='lat' dir='ltr'>quam</span> <span class='ocrx_word' id='word_1_411' title='bbox 1123 1360 1174 1380; x_wconf 76' lang='lat' dir='ltr'>nos,</span> <span class='ocrx_word' id='word_1_412' title='bbox 1187 1351 1276 1381; x_wconf 85' lang='lat' dir='ltr'>predic-</span> 
     </span>
     <span class='ocr_line' id='line_1_40' title="bbox 210 1381 1279 1414; baseline -0.002 -9"><span class='ocrx_word' id='word_1_413' title='bbox 210 1385 291 1406; x_wconf 90' lang='lat' dir='ltr'>t01um</span> <span class='ocrx_word' id='word_1_414' title='bbox 302 1385 385 1414; x_wconf 81' lang='lat' dir='ltr'>ignari,</span> <span class='ocrx_word' id='word_1_415' title='bbox 399 1386 457 1408; x_wconf 81' lang='lat' dir='ltr'>scire</span> <span class='ocrx_word' id='word_1_416' title='bbox 474 1387 588 1414; x_wconf 78' lang='lat' dir='ltr'>poterunt</span> <span class='ocrx_word' id='word_1_417' title='bbox 599 1386 657 1414; x_wconf 87' lang='lat' dir='ltr'>quid</span> <span class='ocrx_word' id='word_1_418' title='bbox 674 1386 698 1407; x_wconf 87' lang='lat' dir='ltr'>iu</span> <span class='ocrx_word' id='word_1_419' title='bbox 709 1385 830 1414; x_wconf 77' lang='lat' dir='ltr'>premissis</span> <span class='ocrx_word' id='word_1_420' title='bbox 841 1386 918 1406; x_wconf 75' lang='lat' dir='ltr'>vestre</span> <span class='ocrx_word' id='word_1_421' title='bbox 930 1385 1050 1413; x_wconf 83' lang='lat' dir='ltr'>Majestati</span> <span class='ocrx_word' id='word_1_422' title='bbox 1063 1383 1135 1412; x_wconf 71' lang='lat' dir='ltr'>Regio</span> <span class='ocrx_word' id='word_1_423' title='bbox 1146 1381 1279 1405; x_wconf 82' lang='lat' dir='ltr'>consulcius</span> 
     </span>
     <span class='ocr_line' id='line_1_41' title="bbox 210 1412 1278 1447; baseline -0.003 -12"><span class='ocrx_word' id='word_1_424' title='bbox 210 1414 242 1447; x_wconf 72' lang='lat' dir='ltr'>sit</span> <span class='ocrx_word' id='word_1_425' title='bbox 258 1415 383 1441; x_wconf 70' lang='lat' dir='ltr'>agendum.</span> <span class='ocrx_word' id='word_1_426' title='bbox 417 1416 455 1443; x_wconf 87' lang='lat' dir='ltr'>Et,</span> <span class='ocrx_word' id='word_1_427' title='bbox 469 1416 524 1438; x_wconf 81' lang='lat' dir='ltr'>licet</span> <span class='ocrx_word' id='word_1_428' title='bbox 539 1423 583 1437; x_wconf 82' lang='lat' dir='ltr'>nos</span> <span class='ocrx_word' id='word_1_429' title='bbox 599 1415 705 1442; x_wconf 74' lang='lat' dir='ltr'>predicte</span> <span class='ocrx_word' id='word_1_430' title='bbox 717 1415 907 1436; x_wconf 77' lang='lat' dir='ltr'>Consideracioni</span> <span class='ocrx_word' id='word_1_431' title='bbox 918 1413 1109 1436; x_wconf 80' lang='lat' dir='ltr'>exheredacionis</span> <span class='ocrx_word' id='word_1_432' title='bbox 1121 1414 1145 1435; x_wconf 78' lang='lat' dir='ltr'>et</span> <span class='ocrx_word' id='word_1_433' title='bbox 1156 1412 1221 1434; x_wconf 83' lang='lat' dir='ltr'>exilii</span> <span class='ocrx_word' id='word_1_434' title='bbox 1231 1417 1278 1433; x_wconf 88' lang='lat' dir='ltr'>non</span> 
     </span>
     <span class='ocr_line' id='line_1_42' title="bbox 210 1441 1279 1474; baseline -0.003 -9"><span class='ocrx_word' id='word_1_435' title='bbox 210 1444 396 1473; x_wconf 81' lang='lat' dir='ltr'>mterfuerimus,</span> <span class='ocrx_word' id='word_1_436' title='bbox 415 1452 458 1467; x_wconf 90' lang='lat' dir='ltr'>nec</span> <span class='ocrx_word' id='word_1_437' title='bbox 478 1445 552 1467; x_wconf 83' lang='lat' dir='ltr'>eidem</span> <span class='ocrx_word' id='word_1_438' title='bbox 575 1445 656 1474; x_wconf 83' lang='lat' dir='ltr'>aliquo</span> <span class='ocrx_word' id='word_1_439' title='bbox 672 1446 778 1473; x_wconf 75' lang='lat' dir='ltr'>tempore</span> <span class='ocrx_word' id='word_1_440' title='bbox 795 1444 997 1471; x_wconf 68' lang='lat' dir='ltr'>consenserimus,</span> <span class='ocrx_word' id='word_1_441' title='bbox 1021 1443 1086 1472; x_wconf 87' lang='lat' dir='ltr'>quia,</span> <span class='ocrx_word' id='word_1_442' title='bbox 1104 1444 1192 1468; x_wconf 82' lang='lat' dir='ltr'>tamen,</span> <span class='ocrx_word' id='word_1_443' title='bbox 1215 1441 1279 1463; x_wconf 84' lang='lat' dir='ltr'>dicta</span> 
     </span>
     <span class='ocr_line' id='line_1_43' title="bbox 213 1470 1275 1503; baseline -0.003 -8"><span class='ocrx_word' id='word_1_444' title='bbox 213 1473 377 1497; x_wconf 82' lang='lat' dir='ltr'>Consideracio</span> <span class='ocrx_word' id='word_1_445' title='bbox 394 1477 500 1503; x_wconf 79' lang='lat' dir='ltr'>tempore</span> <span class='ocrx_word' id='word_1_446' title='bbox 521 1475 673 1497; x_wconf 74' lang='lat' dir='ltr'>Parliamenti</span> <span class='ocrx_word' id='word_1_447' title='bbox 692 1475 755 1496; x_wconf 78' lang='lat' dir='ltr'>facta</span> <span class='ocrx_word' id='word_1_448' title='bbox 772 1474 826 1501; x_wconf 87' lang='lat' dir='ltr'>fuit,</span> <span class='ocrx_word' id='word_1_449' title='bbox 840 1474 934 1496; x_wconf 77' lang='lat' dir='ltr'>videtur</span> <span class='ocrx_word' id='word_1_450' title='bbox 949 1473 1026 1501; x_wconf 85' lang='lat' dir='ltr'>nobis,</span> <span class='ocrx_word' id='word_1_451' title='bbox 1039 1473 1128 1501; x_wconf 85' lang='lat' dir='ltr'>absque</span> <span class='ocrx_word' id='word_1_452' title='bbox 1145 1470 1275 1500; x_wconf 79' lang='lat' dir='ltr'>prejudicio</span> 
     </span>
     <span class='ocr_line' id='line_1_44' title="bbox 211 1500 1275 1533; baseline -0.002 -9"><span class='ocrx_word' id='word_1_453' title='bbox 211 1503 315 1525; x_wconf 88' lang='lat' dir='ltr'>melioris</span> <span class='ocrx_word' id='word_1_454' title='bbox 342 1505 442 1532; x_wconf 82' lang='lat' dir='ltr'>consilii,</span> <span class='ocrx_word' id='word_1_455' title='bbox 470 1505 535 1533; x_wconf 82' lang='lat' dir='ltr'>quod</span> <span class='ocrx_word' id='word_1_456' title='bbox 561 1505 680 1526; x_wconf 75' lang='lat' dir='ltr'>revocacio</span> <span class='ocrx_word' id='word_1_457' title='bbox 713 1504 818 1531; x_wconf 72' lang='lat' dir='ltr'>predicte</span> <span class='ocrx_word' id='word_1_458' title='bbox 845 1503 1047 1526; x_wconf 55' lang='lat' dir='ltr'>Consiua-animus</span> <span class='ocrx_word' id='word_1_459' title='bbox 1073 1500 1275 1527; x_wconf 77' lang='lat' dir='ltr'>lionorificenciu8‚</span> 
     </span>
     <span class='ocr_line' id='line_1_45' title="bbox 211 1529 1275 1562; baseline -0.003 -8"><span class='ocrx_word' id='word_1_460' title='bbox 211 1533 303 1561; x_wconf 89' lang='lat' dir='ltr'>utilius,</span> <span class='ocrx_word' id='word_1_461' title='bbox 316 1535 339 1556; x_wconf 88' lang='lat' dir='ltr'>et</span> <span class='ocrx_word' id='word_1_462' title='bbox 351 1535 456 1556; x_wconf 87' lang='lat' dir='ltr'>securius</span> <span class='ocrx_word' id='word_1_463' title='bbox 468 1535 519 1556; x_wconf 82' lang='lat' dir='ltr'>fieri</span> <span class='ocrx_word' id='word_1_464' title='bbox 530 1534 618 1562; x_wconf 82' lang='lat' dir='ltr'>poterit</span> <span class='ocrx_word' id='word_1_465' title='bbox 629 1534 652 1555; x_wconf 89' lang='lat' dir='ltr'>in</span> <span class='ocrx_word' id='word_1_466' title='bbox 665 1533 825 1555; x_wconf 79' lang='lat' dir='ltr'>Parliamento</span> <span class='ocrx_word' id='word_1_467' title='bbox 837 1540 909 1562; x_wconf 86' lang='lat' dir='ltr'>qnam</span> <span class='ocrx_word' id='word_1_468' title='bbox 926 1533 990 1560; x_wconf 82' lang='lat' dir='ltr'>alibi,</span> <span class='ocrx_word' id='word_1_469' title='bbox 1005 1533 1024 1554; x_wconf 89' lang='lat' dir='ltr'>si</span> <span class='ocrx_word' id='word_1_470' title='bbox 1035 1534 1131 1560; x_wconf 84' lang='lat' dir='ltr'>tempus</span> <span class='ocrx_word' id='word_1_471' title='bbox 1142 1529 1275 1560; x_wconf 82' lang='lat' dir='ltr'>permiserit</span> 
     </span>
     <span class='ocr_line' id='line_1_46' title="bbox 210 1559 1274 1592; baseline -0.003 -8"><span class='ocrx_word' id='word_1_472' title='bbox 210 1564 234 1584; x_wconf 85' lang='lat' dir='ltr'>et</span> <span class='ocrx_word' id='word_1_473' title='bbox 241 1564 319 1585; x_wconf 82' lang='lat' dir='ltr'>vestre</span> <span class='ocrx_word' id='word_1_474' title='bbox 329 1564 472 1586; x_wconf 83' lang='lat' dir='ltr'>Celsitudini</span> <span class='ocrx_word' id='word_1_475' title='bbox 489 1564 728 1592; x_wconf 62' lang='lat' dir='ltr'>placuerit—utinam</span> <span class='ocrx_word' id='word_1_476' title='bbox 740 1563 845 1591; x_wconf 78' lang='lat' dir='ltr'>pacifico,</span> <span class='ocrx_word' id='word_1_477' title='bbox 863 1565 886 1584; x_wconf 82' lang='lat' dir='ltr'>et</span> <span class='ocrx_word' id='word_1_478' title='bbox 898 1562 1049 1591; x_wconf 72' lang='lat' dir='ltr'>pacifice—in</span> <span class='ocrx_word' id='word_1_479' title='bbox 1060 1562 1111 1583; x_wconf 83' lang='lat' dir='ltr'>loco</span> <span class='ocrx_word' id='word_1_480' title='bbox 1123 1559 1274 1589; x_wconf 71' lang='lat' dir='ltr'>competenti,</span> 
     </span>
     <span class='ocr_line' id='line_1_47' title="bbox 210 1589 1278 1621; baseline -0.003 -7"><span class='ocrx_word' id='word_1_481' title='bbox 210 1594 308 1621; x_wconf 82' lang='lat' dir='ltr'>propter</span> <span class='ocrx_word' id='word_1_482' title='bbox 319 1593 362 1615; x_wconf 84' lang='lat' dir='ltr'>hec</span> <span class='ocrx_word' id='word_1_483' title='bbox 378 1595 402 1616; x_wconf 88' lang='lat' dir='ltr'>ct</span> <span class='ocrx_word' id='word_1_484' title='bbox 418 1594 472 1621; x_wconf 84' lang='lat' dir='ltr'>alia,</span> <span class='ocrx_word' id='word_1_485' title='bbox 486 1593 643 1615; x_wconf 83' lang='lat' dir='ltr'>convocando.</span> <span class='ocrx_word' id='word_1_486' title='bbox 676 1593 841 1620; x_wconf 80' lang='lat' dir='ltr'>Advertentes,</span> <span class='ocrx_word' id='word_1_487' title='bbox 855 1599 916 1620; x_wconf 85' lang='lat' dir='ltr'>vero,</span> <span class='ocrx_word' id='word_1_488' title='bbox 930 1594 1048 1621; x_wconf 85' lang='lat' dir='ltr'>quantum</span> <span class='ocrx_word' id='word_1_489' title='bbox 1059 1590 1191 1620; x_wconf 85' lang='lat' dir='ltr'>periculum</span> <span class='ocrx_word' id='word_1_490' title='bbox 1203 1590 1241 1617; x_wconf 88' lang='lat' dir='ltr'>sit,</span> <span class='ocrx_word' id='word_1_491' title='bbox 1253 1589 1278 1611; x_wconf 87' lang='lat' dir='ltr'>in</span> 
     </span>
     <span class='ocr_line' id='line_1_48' title="bbox 210 1619 1275 1652; baseline -0.003 -9"><span class='ocrx_word' id='word_1_492' title='bbox 210 1622 284 1644; x_wconf 77' lang='lat' dir='ltr'>arduo</span> <span class='ocrx_word' id='word_1_493' title='bbox 300 1624 405 1651; x_wconf 80' lang='lat' dir='ltr'>negocio,</span> <span class='ocrx_word' id='word_1_494' title='bbox 418 1630 446 1645; x_wconf 83' lang='lat' dir='ltr'>nc</span> <span class='ocrx_word' id='word_1_495' title='bbox 463 1624 520 1645; x_wconf 85' lang='lat' dir='ltr'>dum</span> <span class='ocrx_word' id='word_1_496' title='bbox 538 1630 579 1652; x_wconf 85' lang='lat' dir='ltr'>per</span> <span class='ocrx_word' id='word_1_497' title='bbox 591 1623 681 1644; x_wconf 86' lang='lat' dir='ltr'>Literas</span> <span class='ocrx_word' id='word_1_498' title='bbox 694 1623 805 1644; x_wconf 80' lang='lat' dir='ltr'>Patentes</span> <span class='ocrx_word' id='word_1_499' title='bbox 819 1624 855 1644; x_wconf 80' lang='lat' dir='ltr'>set</span> <span class='ocrx_word' id='word_1_500' title='bbox 867 1622 940 1644; x_wconf 81' lang='lat' dir='ltr'>eciam</span> <span class='ocrx_word' id='word_1_501' title='bbox 951 1622 1006 1643; x_wconf 80' lang='lat' dir='ltr'>viva</span> <span class='ocrx_word' id='word_1_502' title='bbox 1017 1628 1072 1643; x_wconf 89' lang='lat' dir='ltr'>voce</span> <span class='ocrx_word' id='word_1_503' title='bbox 1085 1620 1209 1642; x_wconf 84' lang='lat' dir='ltr'>eonsilium</span> <span class='ocrx_word' id='word_1_504' title='bbox 1221 1619 1275 1641; x_wconf 81' lang='lat' dir='ltr'>dare</span> 
     </span>
     <span class='ocr_line' id='line_1_49' title="bbox 210 1649 1275 1681; baseline -0.005 -6"><span class='ocrx_word' id='word_1_505' title='bbox 210 1651 315 1681; x_wconf 85' lang='lat' dir='ltr'>Principi</span> <span class='ocrx_word' id='word_1_506' title='bbox 331 1653 396 1681; x_wconf 86' lang='lat' dir='ltr'>quod</span> <span class='ocrx_word' id='word_1_507' title='bbox 412 1653 488 1681; x_wconf 78' lang='lat' dir='ltr'>possit</span> <span class='ocrx_word' id='word_1_508' title='bbox 506 1656 589 1681; x_wconf 79' lang='lat' dir='ltr'>postea</span> <span class='ocrx_word' id='word_1_509' title='bbox 606 1652 743 1674; x_wconf 80' lang='lat' dir='ltr'>notabiliter</span> <span class='ocrx_word' id='word_1_510' title='bbox 759 1652 906 1680; x_wconf 81' lang='lat' dir='ltr'>reprehendi,</span> <span class='ocrx_word' id='word_1_511' title='bbox 920 1651 985 1673; x_wconf 84' lang='lat' dir='ltr'>aliud</span> <span class='ocrx_word' id='word_1_512' title='bbox 996 1651 1121 1673; x_wconf 87' lang='lat' dir='ltr'>consilium</span> <span class='ocrx_word' id='word_1_513' title='bbox 1133 1656 1175 1679; x_wconf 88' lang='lat' dir='ltr'>per</span> <span class='ocrx_word' id='word_1_514' title='bbox 1187 1649 1275 1671; x_wconf 82' lang='lat' dir='ltr'>Literas</span> 
     </span>
     <span class='ocr_line' id='line_1_50' title="bbox 210 1680 1274 1711; baseline -0.004 -7"><span class='ocrx_word' id='word_1_515' title='bbox 210 1681 322 1704; x_wconf 79' lang='lat' dir='ltr'>Patentes</span> <span class='ocrx_word' id='word_1_516' title='bbox 333 1689 404 1711; x_wconf 86' lang='lat' dir='ltr'>super</span> <span class='ocrx_word' id='word_1_517' title='bbox 417 1683 463 1704; x_wconf 87' lang='lat' dir='ltr'>hiis</span> <span class='ocrx_word' id='word_1_518' title='bbox 475 1684 551 1704; x_wconf 82' lang='lat' dir='ltr'>vestre</span> <span class='ocrx_word' id='word_1_519' title='bbox 560 1682 704 1704; x_wconf 63' lang='lat' dir='ltr'>t&#39;elsitudini</span> <span class='ocrx_word' id='word_1_520' title='bbox 717 1681 772 1703; x_wconf 77' lang='lat' dir='ltr'>dare</span> <span class='ocrx_word' id='word_1_521' title='bbox 784 1682 902 1703; x_wconf 79' lang='lat' dir='ltr'>nescimus</span> <span class='ocrx_word' id='word_1_522' title='bbox 914 1688 956 1703; x_wconf 79' lang='lat' dir='ltr'>nec</span> <span class='ocrx_word' id='word_1_523' title='bbox 967 1681 1082 1703; x_wconf 81' lang='lat' dir='ltr'>audemus</span> <span class='ocrx_word' id='word_1_524' title='bbox 1094 1680 1123 1702; x_wconf 81' lang='lat' dir='ltr'>ad</span> <span class='ocrx_word' id='word_1_525' title='bbox 1135 1686 1237 1708; x_wconf 83' lang='lat' dir='ltr'>presens,</span> <span class='ocrx_word' id='word_1_526' title='bbox 1246 1684 1274 1700; x_wconf 90' lang='lat' dir='ltr'>ne</span> 
     </span>
     <span class='ocr_line' id='line_1_51' title="bbox 208 1709 1274 1741; baseline -0.002 -9"><span class='ocrx_word' id='word_1_527' title='bbox 208 1717 238 1733; x_wconf 79' lang='lat' dir='ltr'>ex</span> <span class='ocrx_word' id='word_1_528' title='bbox 258 1711 380 1740; x_wconf 90' lang='lat' dir='ltr'>inproviso</span> <span class='ocrx_word' id='word_1_529' title='bbox 401 1712 438 1734; x_wconf 88' lang='lat' dir='ltr'>vel</span> <span class='ocrx_word' id='word_1_530' title='bbox 460 1712 595 1741; x_wconf 65' lang='lat' dir='ltr'>ignorancia</span> <span class='ocrx_word' id='word_1_531' title='bbox 617 1712 639 1733; x_wconf 89' lang='lat' dir='ltr'>&#39;m</span> <span class='ocrx_word' id='word_1_532' title='bbox 661 1711 739 1733; x_wconf 84' lang='lat' dir='ltr'>dando</span> <span class='ocrx_word' id='word_1_533' title='bbox 763 1711 861 1733; x_wconf 82' lang='lat' dir='ltr'>consilio</span> <span class='ocrx_word' id='word_1_534' title='bbox 882 1718 924 1740; x_wconf 91' lang='lat' dir='ltr'>per</span> <span class='ocrx_word' id='word_1_535' title='bbox 946 1711 1034 1732; x_wconf 76' lang='lat' dir='ltr'>Literas</span> <span class='ocrx_word' id='word_1_536' title='bbox 1054 1711 1147 1732; x_wconf 79' lang='lat' dir='ltr'>nostras</span> <span class='ocrx_word' id='word_1_537' title='bbox 1166 1709 1274 1731; x_wconf 78' lang='lat' dir='ltr'>Patentes</span> 
     </span>
     <span class='ocr_line' id='line_1_52' title="bbox 207 1739 1273 1769; baseline -0.002 -7"><span class='ocrx_word' id='word_1_538' title='bbox 207 1742 376 1764; x_wconf 87' lang='lat' dir='ltr'>convincamur</span> <span class='ocrx_word' id='word_1_539' title='bbox 386 1749 480 1764; x_wconf 76' lang='lat' dir='ltr'>errasse.</span> <span class='ocrx_word' id='word_1_540' title='bbox 515 1742 599 1769; x_wconf 59' lang='lat' dir='ltr'>Igitur,</span> <span class='ocrx_word' id='word_1_541' title='bbox 613 1743 714 1763; x_wconf 84' lang='lat' dir='ltr'>vestram</span> <span class='ocrx_word' id='word_1_542' title='bbox 725 1741 881 1763; x_wconf 66' lang='lat' dir='ltr'>Clemeneiain</span> <span class='ocrx_word' id='word_1_543' title='bbox 894 1741 986 1762; x_wconf 84' lang='lat' dir='ltr'>devotis</span> <span class='ocrx_word' id='word_1_544' title='bbox 1002 1740 1111 1768; x_wconf 80' lang='lat' dir='ltr'>precibus</span> <span class='ocrx_word' id='word_1_545' title='bbox 1129 1739 1273 1768; x_wconf 72' lang='lat' dir='ltr'>inploramus</span> 
     </span>
     <span class='ocr_line' id='line_1_53' title="bbox 207 1769 1271 1800; baseline -0.002 -8"><span class='ocrx_word' id='word_1_546' title='bbox 207 1771 279 1799; x_wconf 87' lang='lat' dir='ltr'>quod,</span> <span class='ocrx_word' id='word_1_547' title='bbox 299 1771 319 1793; x_wconf 92' lang='lat' dir='ltr'>si</span> <span class='ocrx_word' id='word_1_548' title='bbox 338 1772 362 1793; x_wconf 89' lang='lat' dir='ltr'>in</span> <span class='ocrx_word' id='word_1_549' title='bbox 379 1772 459 1800; x_wconf 84' lang='lat' dir='ltr'>aliquo</span> <span class='ocrx_word' id='word_1_550' title='bbox 476 1771 507 1793; x_wconf 82' lang='lat' dir='ltr'>ad</span> <span class='ocrx_word' id='word_1_551' title='bbox 527 1771 669 1793; x_wconf 81' lang='lat' dir='ltr'>Mandatum</span> <span class='ocrx_word' id='word_1_552' title='bbox 690 1773 795 1792; x_wconf 80' lang='lat' dir='ltr'>vestrum</span> <span class='ocrx_word' id='word_1_553' title='bbox 815 1770 893 1792; x_wconf 90' lang='lat' dir='ltr'>miuus</span> <span class='ocrx_word' id='word_1_554' title='bbox 914 1770 1056 1792; x_wconf 72' lang='lat' dir='ltr'>sufficienter</span> <span class='ocrx_word' id='word_1_555' title='bbox 1073 1769 1104 1791; x_wconf 86' lang='lat' dir='ltr'>sit</span> <span class='ocrx_word' id='word_1_556' title='bbox 1125 1774 1271 1797; x_wconf 82' lang='lat' dir='ltr'>responsum,</span> 
     </span>
     <span class='ocr_line' id='line_1_54' title="bbox 206 1798 1271 1829; baseline -0.002 -8"><span class='ocrx_word' id='word_1_557' title='bbox 206 1801 312 1822; x_wconf 81' lang='lat' dir='ltr'>nostram</span> <span class='ocrx_word' id='word_1_558' title='bbox 331 1801 532 1829; x_wconf 85' lang='lat' dir='ltr'>insufficienciam,</span> <span class='ocrx_word' id='word_1_559' title='bbox 546 1808 591 1829; x_wconf 88' lang='lat' dir='ltr'>que</span> <span class='ocrx_word' id='word_1_560' title='bbox 610 1807 656 1822; x_wconf 82' lang='lat' dir='ltr'>non</span> <span class='ocrx_word' id='word_1_561' title='bbox 673 1807 702 1822; x_wconf 80' lang='lat' dir='ltr'>ex</span> <span class='ocrx_word' id='word_1_562' title='bbox 720 1800 813 1822; x_wconf 82' lang='lat' dir='ltr'>malicia</span> <span class='ocrx_word' id='word_1_563' title='bbox 832 1801 867 1822; x_wconf 89' lang='lat' dir='ltr'>set</span> <span class='ocrx_word' id='word_1_564' title='bbox 882 1807 911 1821; x_wconf 78' lang='lat' dir='ltr'>ex</span> <span class='ocrx_word' id='word_1_565' title='bbox 927 1799 1062 1828; x_wconf 80' lang='lat' dir='ltr'>ignorancia</span> <span class='ocrx_word' id='word_1_566' title='bbox 1078 1800 1101 1820; x_wconf 87' lang='lat' dir='ltr'>et</span> <span class='ocrx_word' id='word_1_567' title='bbox 1109 1799 1177 1827; x_wconf 81' lang='lat' dir='ltr'>justo</span> <span class='ocrx_word' id='word_1_568' title='bbox 1188 1798 1271 1820; x_wconf 85' lang='lat' dir='ltr'>timore</span> 
     </span>
     <span class='ocr_line' id='line_1_55' title="bbox 206 1827 1271 1859; baseline -0.003 -7"><span class='ocrx_word' id='word_1_569' title='bbox 206 1830 321 1859; x_wconf 86' lang='lat' dir='ltr'>procedit,</span> <span class='ocrx_word' id='word_1_570' title='bbox 342 1831 428 1853; x_wconf 81' lang='lat' dir='ltr'>habere</span> <span class='ocrx_word' id='word_1_571' title='bbox 450 1831 514 1858; x_wconf 80' lang='lat' dir='ltr'>velit,</span> <span class='ocrx_word' id='word_1_572' title='bbox 536 1831 554 1852; x_wconf 80' lang='lat' dir='ltr'>si</span> <span class='ocrx_word' id='word_1_573' title='bbox 571 1830 652 1857; x_wconf 80' lang='lat' dir='ltr'>libeat,</span> <span class='ocrx_word' id='word_1_574' title='bbox 672 1831 816 1852; x_wconf 71' lang='lat' dir='ltr'>excusatam,</span> <span class='ocrx_word' id='word_1_575' title='bbox 857 1829 1029 1851; x_wconf 79' lang='lat' dir='ltr'>Celsitudinem</span> <span class='ocrx_word' id='word_1_576' title='bbox 1050 1830 1153 1850; x_wconf 82' lang='lat' dir='ltr'>vestram</span> <span class='ocrx_word' id='word_1_577' title='bbox 1175 1827 1271 1856; x_wconf 82' lang='lat' dir='ltr'>Regiam</span> 
     </span>
     <span class='ocr_line' id='line_1_56' title="bbox 207 1856 1272 1889; baseline -0.002 -9"><span class='ocrx_word' id='word_1_578' title='bbox 207 1862 328 1882; x_wconf 88' lang='lat' dir='ltr'>conservet</span> <span class='ocrx_word' id='word_1_579' title='bbox 346 1860 483 1882; x_wconf 82' lang='lat' dir='ltr'>Altissimus</span> <span class='ocrx_word' id='word_1_580' title='bbox 502 1867 544 1889; x_wconf 83' lang='lat' dir='ltr'>per</span> <span class='ocrx_word' id='word_1_581' title='bbox 563 1862 670 1888; x_wconf 74' lang='lat' dir='ltr'>tempora</span> <span class='ocrx_word' id='word_1_582' title='bbox 689 1859 730 1881; x_wconf 84' lang='lat' dir='ltr'>diu</span> <span class='ocrx_word' id='word_1_583' title='bbox 749 1861 772 1882; x_wconf 85' lang='lat' dir='ltr'>et</span> <span class='ocrx_word' id='word_1_584' title='bbox 791 1866 901 1888; x_wconf 82' lang='lat' dir='ltr'>prospere</span> <span class='ocrx_word' id='word_1_585' title='bbox 918 1859 1072 1888; x_wconf 85' lang='lat' dir='ltr'>processura!</span> <span class='ocrx_word' id='word_1_586' title='bbox 1105 1858 1195 1880; x_wconf 87' lang='lat' dir='ltr'>Datum</span> <span class='ocrx_word' id='word_1_587' title='bbox 1210 1856 1272 1886; x_wconf 79' lang='lat' dir='ltr'>apud</span> 
     </span>
     <span class='ocr_line' id='line_1_57' title="bbox 208 1889 537 1919; baseline 0.006 -9"><span class='ocrx_word' id='word_1_588' title='bbox 208 1889 397 1918; x_wconf 76' lang='lat' dir='ltr'>Ohuddeleghe’⁷</span> <span class='ocrx_word' id='word_1_589' title='bbox 414 1890 450 1919; x_wconf 81' lang='lat'>[31</span> <span class='ocrx_word' id='word_1_590' title='bbox 464 1889 537 1918; x_wconf 84' lang='lat' dir='ltr'>Jan.].</span> 
     </span>
     <span class='ocr_line' id='line_1_58' title="bbox 176 1916 1270 1948; baseline -0.001 -9"><span class='ocrx_word' id='word_1_591' title='bbox 176 1917 369 1942; x_wconf 74' lang='lat' dir='ltr'>410.—·‘Litera</span> <span class='ocrx_word' id='word_1_592' title='bbox 388 1920 474 1948; x_wconf 70' lang='lat' dir='ltr'>chz&#39;a,</span> <span class='ocrx_word' id='word_1_593' title='bbox 492 1920 534 1941; x_wconf 75' lang='lat' dir='ltr'>sub</span> <span class='ocrx_word' id='word_1_594' title='bbox 554 1919 654 1941; x_wconf 61' lang='lat' dir='ltr'>Privato</span> <span class='ocrx_word' id='word_1_595' title='bbox 672 1919 763 1945; x_wconf 62' lang='lat' dir='ltr'>Sz&#39;fvz&#39;llo,</span> <span class='ocrx_word' id='word_1_596' title='bbox 782 1918 815 1940; x_wconf 72' lang='lat' dir='ltr'>ad</span> <span class='ocrx_word' id='word_1_597' title='bbox 837 1918 1009 1947; x_wconf 68' lang='lat' dir='ltr'>responsionem</span> <span class='ocrx_word' id='word_1_598' title='bbox 1025 1917 1101 1940; x_wconf 72' lang='lat' dir='ltr'>aliam</span> <span class='ocrx_word' id='word_1_599' title='bbox 1117 1916 1270 1945; x_wconf 75' lang='lat' dir='ltr'>optinendam</span> 
     </span>
     <span class='ocr_line' id='line_1_59' title="bbox 208 1946 1270 1976; baseline -0.004 -5"><span class='ocrx_word' id='word_1_600' title='bbox 208 1948 278 1970; x_wconf 78' lang='lat' dir='ltr'>Brevi</span> <span class='ocrx_word' id='word_1_601' title='bbox 284 1949 420 1976; x_wconf 63' lang='lat' dir='ltr'>precedenti</span> <span class='ocrx_word' id='word_1_602' title='bbox 430 1949 589 1976; x_wconf 80' lang='lat' dir='ltr'>z-Edwarde,</span> <span class='ocrx_word' id='word_1_603' title='bbox 603 1950 645 1971; x_wconf 82' lang='lat' dir='ltr'>etc.</span> <span class='ocrx_word' id='word_1_604' title='bbox 653 1948 821 1970; x_wconf 80' lang='lat' dir='ltr'>-Honurahle</span> <span class='ocrx_word' id='word_1_605' title='bbox 834 1948 899 1970; x_wconf 89' lang='lat' dir='ltr'>Piere</span> <span class='ocrx_word' id='word_1_606' title='bbox 910 1955 939 1969; x_wconf 84' lang='lat' dir='ltr'>en</span> <span class='ocrx_word' id='word_1_607' title='bbox 951 1948 1020 1975; x_wconf 86' lang='lat' dir='ltr'>Dieu,</span> <span class='ocrx_word' id='word_1_608' title='bbox 1034 1947 1078 1975; x_wconf 83' lang='lat' dir='ltr'>W.,</span> <span class='ocrx_word' id='word_1_609' title='bbox 1089 1953 1132 1976; x_wconf 78' lang='lat' dir='ltr'>par</span> <span class='ocrx_word' id='word_1_610' title='bbox 1143 1947 1165 1968; x_wconf 85' lang='lat' dir='ltr'>la</span> <span class='ocrx_word' id='word_1_611' title='bbox 1176 1946 1270 1968; x_wconf 85' lang='lat' dir='ltr'>meisme</span> 
     </span>
     <span class='ocr_line' id='line_1_60' title="bbox 205 1975 1268 2007; baseline -0.002 -8"><span class='ocrx_word' id='word_1_612' title='bbox 205 1984 273 2006; x_wconf 83' lang='lat' dir='ltr'>grace</span> <span class='ocrx_word' id='word_1_613' title='bbox 285 1978 374 2007; x_wconf 83' lang='lat' dir='ltr'>Evesqe</span> <span class='ocrx_word' id='word_1_614' title='bbox 387 1979 521 2006; x_wconf 73' lang='lat' dir='ltr'>Dexcestre,</span> <span class='ocrx_word' id='word_1_615' title='bbox 535 1978 720 2000; x_wconf 27' lang='lat' dir='ltr'>salutszous</span> <span class='ocrx_word' id='word_1_616' title='bbox 736 1985 817 1999; x_wconf 89' lang='lat' dir='ltr'>avoms</span> <span class='ocrx_word' id='word_1_617' title='bbox 833 1984 901 1999; x_wconf 78' lang='lat' dir='ltr'>recen</span> <span class='ocrx_word' id='word_1_618' title='bbox 918 1979 941 1999; x_wconf 88' lang='lat' dir='ltr'>et</span> <span class='ocrx_word' id='word_1_619' title='bbox 958 1977 1074 1999; x_wconf 85' lang='lat' dir='ltr'>entenduz</span> <span class='ocrx_word' id='word_1_620' title='bbox 1086 1983 1127 1998; x_wconf 76' lang='lat' dir='ltr'>roz</span> <span class='ocrx_word' id='word_1_621' title='bbox 1141 1976 1230 1998; x_wconf 84' lang='lat' dir='ltr'>Lettres</span> <span class='ocrx_word' id='word_1_622' title='bbox 1240 1975 1268 1997; x_wconf 87' lang='lat' dir='ltr'>de</span> 
     </span>
     <span class='ocr_line' id='line_1_61' title="bbox 206 2005 1270 2035; baseline -0.003 -6"><span class='ocrx_word' id='word_1_623' title='bbox 206 2008 362 2030; x_wconf 81' lang='lat' dir='ltr'>certificacion</span> <span class='ocrx_word' id='word_1_624' title='bbox 383 2008 424 2030; x_wconf 85' lang='lat' dir='ltr'>des</span> <span class='ocrx_word' id='word_1_625' title='bbox 443 2008 525 2030; x_wconf 83' lang='lat' dir='ltr'>choses</span> <span class='ocrx_word' id='word_1_626' title='bbox 540 2008 648 2030; x_wconf 83' lang='lat' dir='ltr'>acordrez</span> <span class='ocrx_word' id='word_1_627' title='bbox 662 2015 690 2029; x_wconf 87' lang='lat' dir='ltr'>en</span> <span class='ocrx_word' id='word_1_628' title='bbox 708 2008 800 2029; x_wconf 83' lang='lat' dir='ltr'>darrein</span> <span class='ocrx_word' id='word_1_629' title='bbox 816 2007 897 2029; x_wconf 64' lang='lat' dir='ltr'>concil</span> <span class='ocrx_word' id='word_1_630' title='bbox 914 2007 1044 2035; x_wconf 75' lang='lat' dir='ltr'>lercevesqe</span> <span class='ocrx_word' id='word_1_631' title='bbox 1061 2007 1089 2028; x_wconf 85' lang='lat' dir='ltr'>de</span> <span class='ocrx_word' id='word_1_632' title='bbox 1106 2005 1241 2028; x_wconf 79' lang='lat' dir='ltr'>Canterbire</span> <span class='ocrx_word' id='word_1_633' title='bbox 1256 2011 1270 2026; x_wconf 82' lang='lat' dir='ltr'>a</span> 
     </span>
     <span class='ocr_line' id='line_1_62' title="bbox 204 2034 1267 2065; baseline -0.002 -7"><span class='ocrx_word' id='word_1_634' title='bbox 204 2036 317 2065; x_wconf 66' lang='lat' dir='ltr'>Lmdres,</span> <span class='ocrx_word' id='word_1_635' title='bbox 337 2038 396 2060; x_wconf 90' lang='lat' dir='ltr'>dont</span> <span class='ocrx_word' id='word_1_636' title='bbox 416 2045 475 2060; x_wconf 81' lang='lat' dir='ltr'>nous</span> <span class='ocrx_word' id='word_1_637' title='bbox 493 2045 551 2060; x_wconf 83' lang='lat' dir='ltr'>vous</span> <span class='ocrx_word' id='word_1_638' title='bbox 570 2037 718 2059; x_wconf 66' lang='lat' dir='ltr'>mandasmes·</span> <span class='ocrx_word' id='word_1_639' title='bbox 737 2044 780 2065; x_wconf 80' lang='lat' dir='ltr'>par</span> <span class='ocrx_word' id='word_1_640' title='bbox 797 2037 888 2059; x_wconf 82' lang='lat' dir='ltr'>Lettres</span> <span class='ocrx_word' id='word_1_641' title='bbox 905 2044 959 2058; x_wconf 89' lang='lat' dir='ltr'>sons</span> <span class='ocrx_word' id='word_1_642' title='bbox 976 2039 1055 2058; x_wconf 78' lang='lat' dir='ltr'>nostre</span> <span class='ocrx_word' id='word_1_643' title='bbox 1072 2036 1147 2058; x_wconf 70' lang='lat' dir='ltr'>Grant</span> <span class='ocrx_word' id='word_1_644' title='bbox 1164 2034 1224 2062; x_wconf 87' lang='lat' dir='ltr'>Seal,</span> <span class='ocrx_word' id='word_1_645' title='bbox 1244 2034 1267 2056; x_wconf 83' lang='lat' dir='ltr'>et</span> 
     </span>
     <span class='ocr_line' id='line_1_63' title="bbox 203 2063 1265 2095; baseline -0.002 -7"><span class='ocrx_word' id='word_1_646' title='bbox 203 2073 263 2088; x_wconf 81' lang='lat' dir='ltr'>nous</span> <span class='ocrx_word' id='word_1_647' title='bbox 279 2068 437 2090; x_wconf 76' lang='lat' dir='ltr'>merveilloms</span> <span class='ocrx_word' id='word_1_648' title='bbox 457 2068 582 2089; x_wconf 82' lang='lat' dir='ltr'>durement</span> <span class='ocrx_word' id='word_1_649' title='bbox 599 2068 628 2089; x_wconf 88' lang='lat' dir='ltr'>de</span> <span class='ocrx_word' id='word_1_650' title='bbox 647 2074 672 2089; x_wconf 82' lang='lat' dir='ltr'>ce</span> <span class='ocrx_word' id='word_1_651' title='bbox 691 2074 719 2095; x_wconf 76' lang='lat' dir='ltr'>qe</span> <span class='ocrx_word' id='word_1_652' title='bbox 738 2073 797 2088; x_wconf 79' lang='lat' dir='ltr'>vous</span> <span class='ocrx_word' id='word_1_653' title='bbox 814 2073 874 2088; x_wconf 81' lang='lat' dir='ltr'>nous</span> <span class='ocrx_word' id='word_1_654' title='bbox 890 2073 944 2088; x_wconf 86' lang='lat' dir='ltr'>avez</span> <span class='ocrx_word' id='word_1_655' title='bbox 957 2066 976 2088; x_wconf 88' lang='lat' dir='ltr'>si</span> <span class='ocrx_word' id='word_1_656' title='bbox 988 2067 1100 2087; x_wconf 85' lang='lat' dir='ltr'>miement</span> <span class='ocrx_word' id='word_1_657' title='bbox 1111 2064 1216 2087; x_wconf 75' lang='lat' dir='ltr'>certesiez</span> <span class='ocrx_word' id='word_1_658' title='bbox 1226 2063 1265 2086; x_wconf 81' lang='lat' dir='ltr'>des</span> 
     </span>
     <span class='ocr_line' id='line_1_64' title="bbox 202 2094 1266 2124; baseline -0.003 -6"><span class='ocrx_word' id='word_1_659' title='bbox 202 2096 284 2124; x_wconf 76' lang='lat' dir='ltr'>pointz</span> <span class='ocrx_word' id='word_1_660' title='bbox 295 2098 409 2119; x_wconf 86' lang='lat' dir='ltr'>contenuz</span> <span class='ocrx_word' id='word_1_661' title='bbox 420 2104 447 2119; x_wconf 84' lang='lat' dir='ltr'>en</span> <span class='ocrx_word' id='word_1_662' title='bbox 460 2099 539 2119; x_wconf 77' lang='lat' dir='ltr'>nostre</span> <span class='ocrx_word' id='word_1_663' title='bbox 551 2097 587 2118; x_wconf 87' lang='lat' dir='ltr'>dit</span> <span class='ocrx_word' id='word_1_664' title='bbox 596 2097 748 2119; x_wconf 68' lang='lat' dir='ltr'>Mandement</span> <span class='ocrx_word' id='word_1_665' title='bbox 759 2096 875 2118; x_wconf 72' lang='lat' dir='ltr'>dcsicome</span> <span class='ocrx_word' id='word_1_666' title='bbox 883 2097 938 2118; x_wconf 87' lang='lat' dir='ltr'>touz</span> <span class='ocrx_word' id='word_1_667' title='bbox 950 2095 1038 2118; x_wconf 87' lang='lat' dir='ltr'>aultres</span> <span class='ocrx_word' id='word_1_668' title='bbox 1046 2095 1138 2117; x_wconf 82' lang='lat' dir='ltr'>Prelatz</span> <span class='ocrx_word' id='word_1_669' title='bbox 1149 2094 1177 2116; x_wconf 87' lang='lat' dir='ltr'>de</span> <span class='ocrx_word' id='word_1_670' title='bbox 1189 2094 1266 2116; x_wconf 75' lang='lat' dir='ltr'>nostre</span> 
     </span>
     <span class='ocr_line' id='line_1_65' title="bbox 202 2123 1268 2156; baseline -0.001 -9"><span class='ocrx_word' id='word_1_671' title='bbox 202 2126 317 2155; x_wconf 81' lang='lat' dir='ltr'>Roialme,</span> <span class='ocrx_word' id='word_1_672' title='bbox 331 2133 356 2149; x_wconf 84' lang='lat' dir='ltr'>as</span> <span class='ocrx_word' id='word_1_673' title='bbox 367 2134 446 2156; x_wconf 84' lang='lat' dir='ltr'>queux</span> <span class='ocrx_word' id='word_1_674' title='bbox 459 2133 519 2149; x_wconf 91' lang='lat' dir='ltr'>nous</span> <span class='ocrx_word' id='word_1_675' title='bbox 531 2134 558 2149; x_wconf 89' lang='lat' dir='ltr'>en</span> <span class='ocrx_word' id='word_1_676' title='bbox 571 2133 651 2148; x_wconf 82' lang='lat' dir='ltr'>avoms</span> <span class='ocrx_word' id='word_1_677' title='bbox 664 2126 760 2148; x_wconf 77' lang='lat' dir='ltr'>mandez</span> <span class='ocrx_word' id='word_1_678' title='bbox 782 2133 841 2148; x_wconf 87' lang='lat' dir='ltr'>nous</span> <span class='ocrx_word' id='word_1_679' title='bbox 858 2127 930 2148; x_wconf 85' lang='lat' dir='ltr'>enont</span> <span class='ocrx_word' id='word_1_680' title='bbox 947 2126 1046 2154; x_wconf 84' lang='lat' dir='ltr'>rescript</span> <span class='ocrx_word' id='word_1_681' title='bbox 1064 2125 1117 2147; x_wconf 89' lang='lat' dir='ltr'>lour</span> <span class='ocrx_word' id='word_1_682' title='bbox 1135 2123 1268 2146; x_wconf 74' lang='lat' dir='ltr'>enteucions</span> 
     </span>
    </p>
   </div>
  </div>
 </body>
</html>
