1328 2295
68 153 140 190 104
271 166 347 191 THE
373 166 564 192 REGISTER
589 165 634 191 OF
659 164 802 191 BISHOP
828 164 1058 192 STAPELDON.

170 243 248 273 Dene,
266 251 325 267 eum
342 243 413 273 aquis
429 243 616 274 pertinentibus
630 251 635 272 ;
655 243 784 267 reddendo
800 244 866 273 inde,
879 243 1018 273 annuatim,
1031 242 1108 267 miehi
1124 244 1150 266 et
1166 242 1237 266 here-

171 277 246 300 dibus
266 277 328 300 meis
346 279 402 299 octo
422 277 514 299 solidos
535 284 580 306 pro
598 276 667 299 omni
684 276 795 306 servicio,
816 277 847 299 ad
869 277 974 300 Festum
995 276 1081 300 Sancti
1101 275 1237 299 Michaelis.

173 309 295 337 Concessi,
309 309 393 338 eciam,
407 309 475 332 dicto
488 309 616 339 Stephano
634 311 659 332 et
677 309 811 332 heredibus
823 309 875 332 suis
893 309 1030 332 moituram
1042 308 1123 332 tocius
1134 310 1200 331 terre
1213 309 1239 331 et

171 342 242 365 feudi
255 342 304 365 mei
317 342 347 365 de
360 342 437 371 Dene7
455 343 481 365 et
498 342 590 365 domus
608 349 683 370 meas,
697 344 801 372 excepto
818 340 910 365 brasio]
923 349 1008 365 mense
1026 349 1089 371 mee,
1102 341 1170 371 quod
1186 348 1238 364 non

172 375 316 405 pertinebat
333 375 365 398 ad
383 375 477 397 dictam
495 374 638 403 moituram,
652 377 678 397 et
695 377 780 397 totum
799 374 932 398 servicium
951 374 1086 398 Hundredi
1103 373 1153 397 mei
1170 373 1239 403 quod

173 408 285 438 pertinet
302 408 333 430 ad
350 407 494 437 predictum
511 407 692 430 molendinum.
729 407 764 430 Et
779 407 801 430 si
818 407 908 437 aliquis
921 415 935 430 a
952 407 1004 438 jam
1017 407 1084 430 dicto
1096 406 1240 430 molendino

177 440 304 463 declinans
320 440 450 463 convictus
465 440 499 463 sit
516 458 521 463 .
541 458 545 463 .
565 458 570 463 .
590 458 595 463 .
614 440 690 462 michi
706 440 873 463 misericordia
888 442 1040 470 permaneat,
1054 442 1080 463 et
1094 439 1116 463 ei
1130 439 1241 462 moltura

174 475 338 496 restauretur.
374 473 491 496 Preterea
503 472 561 495 (ledi
582 472 756 503 prenominato
769 472 897 503 Stephano
915 475 941 496 et
953 472 1087 496 heredibus
1104 472 1162 501 suis,
1183 472 1240 502 jure

176 505 334 535 hereditario,
363 508 457 528 terram
477 513 559 528 meam
582 505 608 528 111
633 505 750 528 Hefelda²
773 505 909 528 tenendam
932 507 959 528 et
981 505 1124 528 habendam
1146 504 1193 528 sibi
1217 506 1243 527 et

175 538 310 561 heredibus
327 538 387 565 suis,
405 538 533 561 reddendo
546 538 604 561 inde
622 538 754 561 annuatim
776 538 839 561 duos
857 538 949 561 solidos
962 538 993 561 ad
1007 538 1101 561 Pascha
1112 545 1157 568 pro
1170 536 1240 560 omni

178 571 300 599 serviei0;
320 579 365 601 per
387 570 432 594 has
455 573 543 599 metas,
572 570 665 594 scilieet
689 570 721 594 de
749 569 911 599 Yallaforda,³
930 571 962 594 de
991 571 1131 599 Hurberne,
1155 577 1241 593 versus

178 604 341 627 Occidentem
363 611 443 633 usque
453 604 592 631 Venvorda,
607 605 633 626 et
652 603 711 626 inde
729 611 810 633 usque
828 604 858 626 ad
880 603 1011 632 antiquam
1028 603 1105 632 viam3
1122 602 1182 626 inde
1199 610 1243 633 per

178 636 245 659 viam
265 644 351 659 versus
372 636 503 659 Meridiem
523 643 603 665 usque
624 636 870 666 Langestonesplace=
896 636 986 659 deinde
1009 644 1053 666 per
1069 636 1137 659 viam
1162 641 1243 664 usque

178 670 210 692 ad
223 672 316 692 terram
329 670 360 692 de
371 669 583 692 Hurberneforde.
621 669 744 698 Concessi,
755 669 840 697 eciam,
850 669 917 692 dieto
929 668 1058 699 Stephano
1071 671 1097 692 et
1109 668 1243 692 heredibus

179 702 237 730 suis,
256 704 282 725 et
299 702 445 725 tenentibus
463 702 522 731 suis,
542 709 711 731 communam,
724 704 861 732 pasturam,
882 709 926 732 per
943 703 1025 725 totam
1042 704 1136 724 terram
1153 708 1243 724 meam.

181 736 215 758 Et
227 735 247 758 si
259 734 393 765 contigerit
406 735 515 757 eundem
528 734 693 764 Stephanum,
712 735 796 764 aliquo
808 742 874 763 casu,
893 734 932 757 vel
944 734 1048 757 heredes
1060 734 1123 765 ejus,
1141 733 1244 757 arbitrio

180 768 279 798 parium
297 775 407 796 suorum,
426 767 452 790 in
464 767 660 790 misericordiam
677 775 759 790 meam
772 767 811 790 vel
828 767 950 790 heredum
962 775 1076 790 meorum
1093 767 1187 796 cadere,
1200 767 1246 789 aut

180 802 296 823 tenentes
316 800 343 823 in
364 800 476 830 predicta
494 802 560 823 terra
578 802 716 829 manentes,
737 800 818 830 quieti
836 800 888 823 sint
906 807 950 830 pro
969 807 1013 823 sex
1033 799 1146 823 denariis.
1182 799 1244 829 Ege),

180 841 245 862 vero,
264 835 291 856 et
309 833 413 856 heredes
433 832 483 856 mei
503 835 620 856 tenemur
640 833 801 856 warrantizare
818 833 961 863 predictum
980 832 1161 861 molendinum,
1186 839 1245 855 cum

179 866 250 895 aquis
285 865 478 895 pertinentibus,
513 869 539 888 et
570 865 614 888 viis
649 868 675 888 et
701 865 797 889 semitis
828 866 861 888 ad
890 865 1033 896 predictum
1067 864 1242 888 molendinum

179 898 352 927 tendentibus,
381 900 407 921 et
435 898 570 921 molturam
600 898 715 921 similiter
744 900 770 921 et
798 900 891 921 terram
919 898 1058 928 predictam
1087 905 1145 921 cum
1163 897 1244 921 omni-

179 931 227 954 bus
258 930 419 962 pertinenciis
450 931 508 959 suis,
540 931 666 961 sepedicto
697 931 825 961 Stephano
859 933 885 954 et
913 930 1047 954 heredibus
1073 930 1132 960 51115,
1158 932 1246 953 contra

180 971 266 987 omnes
293 964 407 987 homines
434 963 460 986 in
489 966 648 994 perpetuum.
695 963 780 994 Hujus
803 963 839 987 rei
866 963 948 994 gracia
973 963 1044 987 dedit
1072 963 1135 986 mihi
1161 962 1244 986 dietus

182 996 326 1027 Stephanus
347 999 403 1020 octo
423 996 514 1019 solidos
530 997 556 1019 in
577 996 754 1026 recognicione,
776 999 802 1020 et
822 996 895 1019 uxori
914 1004 969 1019 mee
987 1004 1068 1019 unum
1086 996 1247 1019 firmaculum

182 1029 286 1060 argenti,
311 1037 354 1053 sex
377 1029 498 1052 denarios.
541 1030 582 1056 Et,
606 1031 637 1052 ut
660 1029 706 1052 hec
729 1037 785 1052 mea
807 1029 917 1052 Donacio
940 1031 966 1052 et
990 1029 1121 1052 Concessio
1144 1030 1198 1052 rata
1221 1030 1247 1051 et

181 1062 329 1085 inconcussa
340 1064 492 1092 permaneat,
504 1062 614 1092 presenti
625 1062 699 1085 Carte
711 1062 822 1092 sigillum
830 1069 916 1085 meum
928 1062 1033 1092 apposui
1044 1070 1049 1090 ;
1062 1061 1110 1084 hiis
1119 1061 1247 1085 Testibus:

183 1095 317 1125 Radulpho
341 1095 372 1118 de
396 1095 537 1123 Albamare,
562 1095 678 1118 Johanne
695 1095 727 1117 de
750 1094 876 1118 Ventone*¹
894 1111 998 1122 .....
1021 1094 1127 1118 Osberto
1146 1094 1245 1125 Mugge,

183 1128 311 1156 MichaeIe,
324 1127 374 1150 filio
393 1128 455 1158 ejus,
469 1128 564 1157 Rogero
578 1127 649 1155 Albo,
666 1127 791 1150 Willelmo
803 1128 834 1150 de
852 1144 857 1150 .
877 1145 881 1151 .
901 1145 906 1150 .
925 1145 930 1150 .
949 1129 976 1150 et
987 1127 1075 1150 multis
1087 1127 1147 1150 aliis.

151 1160 223 1189 [This
236 1161 313 1188 Deed,
334 1160 379 1183 has
391 1160 454 1183 been
467 1160 576 1183 stitched
594 1160 620 1183 in
633 1160 746 1183 between
759 1160 783 1183 ff.
798 1161 828 1183 ‘28
841 1160 891 1183 and
904 1161 941 1183 29.
978 1160 1003 1183 It
1015 1160 1036 1183 is
1048 1160 1073 1183 in
1087 1168 1101 1183 a
1113 1160 1162 1183 bad
1174 1160 1247 1188 state,

183 1193 276 1223 having
294 1193 401 1216 suffered
419 1193 484 1216 from
502 1193 578 1223 <lamp
596 1193 645 1215 and
663 1193 789 1223 ill-usage:
813 1201 890 1224 many
907 1192 988 1216 words
1005 1201 1047 1216 are
1064 1193 1176 1222 obscure,
1197 1192 1247 1215 and

183 1234 251 1249 some
264 1226 326 1249 have
340 1226 403 1248 been
415 1226 555 1256 altogether
565 1226 722 1249 obliterated.

86 1267 291 1297 Deam-Prior
304 1278 310 1304 3
333 1266 390 1297 the
406 1266 566 1308 Vicarage
583 1266 670 1304 of,—-

153 1319 193 1342 Sir
212 1319 287 1348 John,
307 1319 337 1342 V.
353 1327 358 1348 ;
386 1319 577 1342 commissioned
596 1321 622 1342 to
646 1318 706 1342 hear
727 1319 886 1342 Confessions
909 1318 935 1342 in
952 1318 997 1342 the
1015 1318 1208 1349 Archdeaconry
1225 1318 1251 1342 of

187 1352 280 1374 Totnes
295 1351 301 1380 (
320 1370 325 1375 .
345 1370 349 1375 .
370 1352 439 1382 July,
451 1352 524 1381 1312)
539 1359 545 1380 3
564 1351 601 1376 72.
607 1351 689 1374 —The
700 1352 749 1382 day
759 1352 785 1375 of
804 1352 849 1375 the
861 1351 951 1374 month
960 1351 1005 1374 has
1014 1351 1078 1374 been
1087 1351 1250 1380 obliterated;

186 1384 234 1407 but
252 1384 296 1407 the
309 1385 390 1415 Entry
403 1384 423 1407 is
442 1384 555 1407 between
576 1385 606 1407 14
626 1384 675 1407 and
693 1385 722 1407 16
735 1384 1040 1415 July.-Reconci.liation
1052 1384 1079 1407 of
1090 1384 1135 1408 the
1148 1384 1251 1408 Ohurch

186 1418 236 1440 and
250 1417 382 1448 Cemetery
397 1416 437 1447 (22
450 1417 518 1446 Feb„
532 1417 603 1440 1322-
611 1417 635 1448 3)
651 1424 657 1446 ;
676 1417 731 1442 174.

89 1458 356 1495 Declications,—

223 1510 355 1533 Ordinacio
368 1509 469 1533 Domina·
481 1517 552 1540 super
564 1509 768 1533 Declicacionibus
781 1510 942 1534 Ecclesiarum
954 1513 975 1533 et
987 1509 1159 1534 Altarium:—

158 1551 209 1574 Ubi
234 1551 342 1574 Ecclesia
366 1550 524 1579 Paroehiafis,
549 1551 588 1574 vel
612 1551 713 1581 Capella
737 1551 884 1574 distinctam
908 1551 1003 1574 habens
1027 1550 1180 1580 Parochiam,
1209 1558 1254 1574 seu

190 1583 350 1607 Cimiterium
374 1583 522 1614 hujusmodi
541 1583 649 1606 Ecclesie
669 1583 709 1607 vel
731 1584 837 1614 Capelle,
861 1584 992 1607 dedicatur
1006 1586 1052 1607 aut
1072 1583 1254 1614 reconciliatur,

189 1616 332 1647 parochiani
353 1616 461 1639 Ecclesie
479 1616 519 1639 vel
540 1616 640 1647 Capelle
659 1616 773 1640 dedicate
793 1617 832 1640 vel
852 1617 1017 1644 reconciliate,
1043 1624 1101 1640 cum
1123 1616 1253 1640 Cimiterio

94 1739 103 1752 ¹
121 1739 174 1762 The
214 1739 368 1762 malt-house
401 1746 436 1768 or,
465 1738 579 1770 perhaps,
608 1739 652 1762 the
737 1739 802 1762 from
825 1739 974 1762 Moor-Gate
996 1738 1018 1762 is
1040 1747 1055 1762 a
1082 1740 1155 1762 stone
1177 1738 1257 1762 called

127 1772 246 1802 brewery.
738 1771 930 1802 “Longstone.’'
971 1772 983 1794 Ι
1012 1779 1053 1794 am
1080 1771 1202 1795 indebted
1230 1772 1258 1794 to

97 1803 107 1817 2
124 1804 201 1833 hodic,
231 1804 375 1827 Heathfield
388 1813 394 1832 ;
424 1804 495 1828 fields
524 1803 653 1834 adjoining
737 1804 782 1828 Mr.
796 1804 912 1833 Coulton,
925 1804 951 1827 of
963 1804 1034 1827 Dean
1044 1804 1124 1828 Court
1135 1804 1174 1827 for
1186 1803 1257 1827 these

130 1837 174 1860 the
187 1838 257 1860 Moor
268 1837 328 1860 rond
341 1845 373 1860 on
387 1836 521 1860 Skerraton
534 1837 628 1860 Estate.
737 1837 886 1867 interesting
898 1839 977 1860 notes.

98 1868 107 1883 3
125 1870 185 1893 This
206 1870 261 1893 ford
282 1878 332 1893 was
353 1869 436 1892 where
455 1870 544 1900 Gidley
562 1870 652 1899 Bridge
704 1868 715 1883 ‘²
733 1869 821 1893 “John
846 1870 877 1892 de
898 1870 997 1893 Fenton
1019 1869 1078 1893 held
1099 1869 1198 1893 Fenton
1221 1867 1257 1900 (in

132 1910 187 1925 now
205 1909 299 1925 crosses
317 1902 362 1925 the
380 1902 530 1925 Harbourne
551 1904 651 1931 stream,
737 1902 901 1932 Dartington)
937 1902 967 1927 27
1003 1902 1092 1933 Henry
1121 1902 1179 1931 HL,
1208 1902 1259 1925 and

132 1937 159 1958 at
178 1935 222 1958 the
240 1935 338 1957 bottom
361 1934 386 1957 of
404 1935 550 1958 Redicleave
569 1935 650 1958 Farm.
737 1934 843 1958 another
866 1935 934 1958 John
958 1934 1015 1958 held
1042 1935 1063 1958 it
1087 1935 1101 1958 8
1125 1934 1195 1958 Edw.
1221 1934 1256 1958 ΙΙ.

134 1968 209 1991 From
239 1967 437 1990 “Hurbourne'’
466 1968 575 1990 towards
609 1967 652 1990 the
736 1967 779 1990 Sec
808 1967 887 1990 Pole’s
917 1967 1075 1997 Collections,
1107 1975 1169 1997 page
1201 1966 1257 1992 297.

133 2000 204 2023 XVest
217 2008 242 2023 as
255 2000 292 2022 far
304 2008 330 2023 as
341 2000 468 2023 Venforda
480 2000 563 2023 would
576 2000 605 2022 be
619 2008 653 2030 up
738 2000 819 2030 Ralph
837 2000 867 2023 (le
886 2000 1028 2024 Albemarle
1046 2008 1131 2023 occurs
1148 1999 1174 2022 in
1193 2000 1255 2023 1301

133 2033 177 2056 the
195 2036 295 2061 stream,
314 2035 340 2055 to
353 2032 385 2055 its
398 2041 492 2062 source,
510 2035 536 2055 to
549 2033 592 2055 the
605 2032 653 2062 bog
741 2033 781 2060 (29
801 2033 869 2055 Edw.
885 2032 923 2062 L),
944 2040 979 2056 see
998 2033 1054 2056 Vol.
1076 2033 1104 2062 I.,
1123 2040 1185 2063 page
1202 2032 1257 2056 496.

134 2074 162 2088 or
185 2065 310 2088 turs-land
334 2065 469 2095 adjoining.
505 2065 604 2088 Thence
628 2068 655 2088 to
740 2065 800 2088 This
829 2065 899 2088 Deed
927 2065 948 2088 is
977 2066 1107 2094 undated;
1139 2065 1188 2088 but
1215 2064 1260 2088 the

134 2099 178 2121 the
193 2098 234 2121 old
252 2098 311 2121 road
328 2098 412 2121 would
429 2098 467 2126 be,
485 2098 519 2128 by
533 2098 576 2121 the
595 2097 655 2120 rond
740 2097 913 2128 approximate
936 2098 995 2121 date
1018 2106 1077 2129 may
1096 2098 1128 2121 be
1150 2097 1261 2121 infex-red

134 2131 200 2154 from
222 2131 375 2154 Moor-Gate.
411 2130 433 2153 A
455 2130 522 2154 little
543 2130 655 2154 distance
739 2130 805 2154 from
818 2130 862 2154 the
874 2138 960 2154 names
972 2130 998 2154 of
1009 2131 1081 2155 these
1092 2130 1237 2156 Witnesses.
