1328 2295
111 149 181 187 358
302 162 376 188 THE
401 163 584 190 REGISTER
610 164 659 190 OF
683 163 823 191 BISHoP
848 164 1080 191 srAPELDON.

199 241 337 269 memorato,
350 240 426 263 eidem
439 241 484 263 sub
496 248 557 270 pena
567 241 688 265 incisionis
700 242 784 271 capitis
796 242 928 271 precipiens
940 243 963 264 et
974 241 1099 270 injungens
1110 238 1175 268 quod
1185 236 1267 260 statim

199 269 294 292 Terram
306 272 330 293 et
342 270 449 300 Regnum
461 271 541 294 Scocie
552 272 635 300 exiret,
649 272 740 294 Literas
758 272 786 294 de
803 279 885 294 securo
904 272 1032 299 con-luctu,
1045 270 1164 293 Gardiano
1175 274 1213 302 eas
1224 273 1268 295 pro

200 299 266 322 exitu
284 302 380 329 petente
397 301 462 322 omni
480 308 578 330 prorsus
595 302 719 330 instancia,
733 302 858 324 concedere
878 301 1022 330 denegando.
1056 299 1163 328 TreugiS,
1176 299 1265 331 Πάμφω)

199 329 258 358 ipsis
276 331 333 352 tunc
352 331 376 352 et
387 330 521 353 Indiccione
540 338 621 353 earum
639 331 726 354 ibidem
743 339 786 360 per
796 332 942 354 Gardiauum
959 330 1067 357 eundem,
1079 330 1105 352 in
1115 328 1207 361 vulgari
1224 332 1268 348 suo

200 366 284 382 sonoro
305 360 423 389 preconio,
447 360 557 389 pluribus
579 361 667 383 ibidem
695 361 771 383 Scotis
798 361 940 389 astantibus,
968 359 1106 389 puplicatis,
1134 357 1268 380 Gen-thanus

199 389 291 411 rediens
302 390 455 418 supradictus
466 390 538 418 paulo
549 392 678 419 postquam
690 391 737 413 suit
752 398 766 413 a
776 391 828 413 10οο
844 391 952 419 predicto
963 391 1009 412 iter
1023 396 1094 412 suum
1105 387 1220 410 festinans
1237 384 1268 407 ad

199 419 290 441 exitum
303 419 434 448 elongatus,
447 426 489 448 per
505 420 621 448 quosdam
637 420 773 449 iniquitatis·
789 421 858 448 filios,
871 421 947 449 ipsius
959 420 1058 442 Roberti
1072 417 1194 444 satellites,
1206 421 1268 449 ausu

199 449 312 477 sacrilego
331 456 454 477 aggressus
475 450 499 471 et
518 449 615 472 invasus
635 450 762 478 hostiliter,
786 450 871 472 Literis
889 452 914 472 et
934 449 1086 472 Processibus
1115 446 1267 479 supi-adlctis,

198 478 347 507 propriisque
359 479 465 501 vestibus
477 479 627 507 paupertatis
638 481 662 502 et
673 479 766 508 habitu,
779 487 805 502 ac
814 480 887 502 rebus
894 480 947 502 aliis
957 486 1003 508 que
1016 478 1129 508 portabat
1139 475 1268 510 crudeliter

199 509 223 530 et
241 508 369 530 inmaniter
386 508 467 530 extitit
485 509 610 537 spoliatus,
623 510 695 538 prout
712 509 742 532 de
759 510 880 538 premissis
891 516 933 537 per
953 509 1029 538 ipsius
1051 507 1172 534 Gardiam,
1192 505 1267 534 Juratl

198 538 274 560 nostri
285 538 374 565 nuncii,
387 538 527 560 relacionem
544 539 613 561 nobis
625 539 706 561 extitit
718 539 781 561 facta
791 539 855 562 fides.
891 540 970 566 Porro,
984 540 1128 560 memoratus
1140 535 1266 568 RobertuS‚

200 575 255 590 suas
276 567 426 590 dissimulare
448 568 587 590 rebelliones
609 570 718 597 satagens
740 571 763 591 et
784 569 900 591 notabiles
922 568 1096 591 inobedieneias
1118 564 1267 592 supradictas

199 597 299 626 palliare
317 597 417 619 moliens
434 599 459 620 et
476 605 594 625 excessus,
608 605 633 620 ac
651 598 732 620 volens
750 606 805 621 suas
823 606 881 628 quas
900 599 979 621 minus
997 600 1065 620 caute
1081 595 1233 628 rebellionem
1245 594 1269 615 et

199 627 374 649 inobediencias
382 628 532 650 commiserat
541 628 636 650 caucius
645 628 762 657 obvelare,
775 636 821 651 non
831 629 921 658 absque
929 628 988 650 false
994 627 1115 649 finccionis
1123 623 1268 656 adminiculo

199 657 334 685 confingens
352 657 382 679 ad
402 657 469 679 Pacis
488 657 592 686 aspirare
612 660 730 680 tractatus
752 660 774 680 et
794 659 892 686 boumn,
911 665 966 680 suas
985 657 1086 679 Domino
1108 655 1167 683 Regi
1183 653 1269 682 Angue

199 687 291 709 Literas
310 693 381 715 super
399 686 443 709 1100
461 687 598 713 destinavit.
612 689 636 709 et
655 688 723 710 nobis
743 689 838 717 scripsit
857 688 929 717 quod,
943 687 1048 709 obtentis
1064 686 1094 708 ab
1110 685 1190 707 eodem
1204 683 1267 711 Rege

199 716 284 745 Anglie
301 723 383 738 securo
395 716 480 739 Literis
497 717 525 738 sie
542 717 670 745 conductu,
684 725 724 739 >ex
736 718 773 740 vel
791 718 869 746 plures
880 718 910 740 ad
921 724 964 739 1105
975 717 1082 739 mitteret
1098 715 1264 737 conti-actores.

198 746 237 774 Et,
250 746 306 768 licet
322 746 398 768 eidem
411 746 515 768 Roberto
532 748 734 775 rescripsissemus
750 748 780 770 ad
792 748 882 770 Literas
893 754 953 776 quas
968 747 1037 769 nobis
1048 746 1145 767 miserat
1155 742 1268 772 respond-

198 776 266 803 endo,
280 776 344 804 ipsas
356 776 446 798 Literas
458 778 550 798 nostras
562 777 654 798 cuidam
673 778 759 799 nuncio
770 778 812 806 qui
827 784 882 799 suas·
898 777 1017 806 predictas
1028 775 1096 797 uobis
1108 781 1136 796 ex
1147 774 1215 807 parte
1227 779 1269 794 sua

198 807 377 835 praesentaverat
393 806 484 828 Literas
502 806 651 834 assignando,
669 807 740 835 idem,
761 809 848 835 tamen,
868 807 970 829 nuncius
986 806 1055 828 nobis-
1072 804 1174 827 referens
1192 803 1269 836 dictas

199 837 292 858 nostras
303 842 379 864 usque
390 835 419 857 ad
431 835 561 864 ingressum
576 836 649 864 Regni
662 836 740 858 [sitocie
756 837 918 866 pertransisse,
932 837 1059 865 gentesque
1075 834 1151 863 ipsius
1168 832 1268 866 Robertl

199 865 278 894 ipsum
300 865 415 887 nuncium
437 865 530 887 easdem
553 866 643 888 Literas
665 868 758 888 nostras
779 867 841 889 infra
860 867 968 895 Regnum
986 865 1065 888 Scocie
1086 866 1109 886 ct
1128 863 1157 886 ad
1176 863 1267 884 dictum

200 895 333 917 Robertuni
342 896 437 923 portare
446 895 542 917 mininie
551 896 692 924 permisisse.
700 903 742 924 pro
750 903 776 918 eo
782 897 838 925 quia
845 896 891 918 sibi
905 896 993 918 titulus
1001 902 1048 917 non
1056 893 1218 917 ascribebatur
1226 898 1268 921 pei·

199 931 242 947 nos
251 924 346 952 Regius,
355 924 549 953 predictas-nobis
556 927 648 947 nostras
658 925 748 947 Literas
758 926 864 954 clausas,
874 926 936 948 sicut
945 925 1011 954 prius
1022 926 1046 947 et
1054 925 1157 952 integras
1163 923 1268 951 reporta-

197 955 241 977 vit.
275 954 439 982 Postmodum,
453 961 515 979 vero,
528 956 673 976 memoratus
685 955 802 977 Dominus
814 956 863 978 Rex
875 957 951 978 certos
962 955 1076 977 adlocum
1087 954 1111 976 in
1119 953 1201 981 quode
1209 952 1268 974 Pace

198 985 302 1006 tractare
319 984 457 1006 condictum
474 985 588 1006 extiterat
605 985 741 1007 destinavit.
767 986 860 1013 Quibus
881 986 915 1007 sic
931 985 1092 1014 pendentibus
1112 983 1174 1005 inter
1190 988 1268 1004 moras

197 1014 344 1043 hujusmodi,
363 1013 426 1036 idem
443 1013 562 1036 Robertus
581 1016 623 1036 aut
640 1014 680 1036 alii
693 1015 767 1043 Regni
779 1015 859 1038 Scocie
870 1015 982 1043 ComItes‚
997 1015 1106 1042 Barones,
1120 1020 1146 1035 ac
1158 1011 1265 1040 Nobiles,

199 1045 322 1072 cetereque
339 1050 438 1072 persone
456 1043 507 1072 ejus
524 1044 619 1066 nomine
637 1045 660 1066 et
671 1045 791 1073 mandato,
805 1045 947 1067 Indiccionis
963 1046 987 1067 et
998 1043 1173 1066 Publicacionis
1184 1042 1266 1071 hujus—

198 1073 263 1096 modi
274 1074 411 1102 treugarum
430 1080 478 1095 non
494 1073 577 1102 ignari,
595 1081 637 1096 nec
654 1074 759 1096 valentes
776 1081 863 1103 veram,
884 1075 931 1096 nisi
948 1081 1049 1097 crassam
1068 1072 1266 1105 suppositamque

198 1110 240 1126 seu
251 1103 389 1125 simulatam
407 1105 438 1131 et,
452 1103 533 1131 eciam,
547 1103 681 1125 affectatam
698 1104 780 1132 pocius
797 1105 957 1133 ignoranciam
973 1104 1080 1132 allegare,
1094 1102 1165 1125 dictis
1176 1103 1266 1135 treugis

197 1134 231 1155 sic
242 1132 346 1161 indictis,
355 1133 436 1161 sicque
447 1134 470 1155 et
482 1133 551 1155 aliter
562 1133 717 1162 solempniter
728 1134 856 1162 publicatis
867 1134 934 1163 penis
946 1135 970 1156 et
980 1133 1115 1161 sentenciis,
1127 1132 1266 1154 1110Πί01001-

196 1163 251 1191 bus,
258 1163 282 1185 et
290 1162 499 1185 exhortacionibus
505 1163 658 1191 Apostolicis,
666 1170 711 1185 11011
719 1164 768 1186 sine
777 1165 833 1186 nota
840 1164 977 1186 rebellionis
983 1161 1264 1191 execrabilis,vilipensis,

196 1192 281 1222 procul
291 1192 362 1221 pulsa
372 1193 505 1214 reverencia
520 1192 586 1214 filiali
598 1200 645 1221 qua
660 1193 716 1222 ipse,
734 1195 757 1215 et
772 1194 875 1222 quilibet
889 1193 1048 1221 Christianus,
1063 1192 1148 1215 Sancte
1160 1192 1265 1214 Romane

196 1223 294 1245 tenetur
304 1222 407 1244 Ecclesie
415 1223 439 1244 et
446 1222 534 1244 Christi
542 1222 644 1250 Vicario,
656 1224 769 1252 tanquam
777 1223 807 1245 ad
817 1224 918 1246 Matrem
925 1223 1028 1250 unicam,
1038 1222 1126 1246 Christi
1139 1222 1263 1251 Sponsam,

196 1252 288 1275 Villam
306 1253 330 1274 et
349 1251 459 1274 Castrum
478 1252 507 1274 dc
525 1252 649 1280 Berewico,
671 1253 818 1281 aliquamdiu
838 1260 947 1282 possessa
962 1260 1005 1282 per
1025 1252 1156 1274 Dominum
1177 1251 1265 1279 Regem

197 1281 283 1311 Anglie
300 1281 466 1310 supradictuin
478 1283 501 1303 et
519 1281 600 1304 inclite
619 1283 732 1305 mmuon'e
746 1283 841 1305 Patrem
858 1283 910 1311 ejus
928 1285 952 1305 et
976 1283 1057 1311 gentes
1074 1288 1163 1309 eorum,
1189 1281 1263 1303 eciam

196 1311 340 1334 Indiccionis
352 1313 375 1334 et
387 1311 562 1333 Publicacionis
581 1312 718 1340 treugarum
730 1314 838 1341 tempore
858 1313 1027 1341 predictarum,
1040 1313 1064 1334 et
1074 1311 1229 1340 postmodum
1240 1311 1265 1333 et

196 1343 251 1364 ante
262 1348 268 1369 ;
284 1348 382 1369 necnon,
396 1343 420 1363 et
431 1341 532 1370 quedam
545 1341 591 1363 alia
603 1342 693 1370 Castra,
707 1342 797 1371 Terras,
811 1344 835 1365 et
846 1342 953 1364 homines
963 1342 1040 1371 ipsius
1051 1341 1149 1364 Domini
1160 1341 1231 1370 Regis
1242 1341 1266 1363 et

195 1371 327 1393 incolarum
339 1371 415 1399 Regni
426 1371 518 1400 Anglie,
532 1372 555 1393 et
566 1371 627 1393 infra
639 1371 747 1400 Regnum
759 1372 845 1401 Anglie
855 1372 1018 1400 consistentes,
1031 1371 1152 1394 hostiliter
1163 1371 1264 1393 invaser-

196 1402 249 1429 unt,
262 1402 286 1423 et
303 1408 351 1422 non
368 1401 457 1429 absque
475 1401 580 1429 plurium
602 1401 715 1423 effusione
734 1402 855 1430 sanguinis
873 1408 1027 1431 personarum
1044 1403 1068 1424 et
1084 1400 1264 1430 morte—proch

196 1430 385 1453 dolor—Villam
404 1430 479 1459 ipsam
500 1432 524 1452 et
535 1430 646 1452 Castrum
664 1431 693 1453 de
705 1431 831 1459 Berewieo,
845 1432 975 1460 Castraque
991 1435 1015 1454 et
1026 1431 1108 1453 Terras
1120 1431 1178 1453 alias
1189 1431 1265 1460 ipsius

196 1460 267 1489 Regis
278 1460 363 1488 Anglie
381 1461 405 1482 et
421 1460 550 1482 incolarum
570 1460 684 1489 ipsorum,
696 1461 721 1482 in
733 1461 870 1490 Apostolice
886 1461 954 1483 Sedis
971 1462 1134 1490 contemptum
1149 1462 1172 1483 et
1188 1461 1265 1490 ipsius

195 1491 267 1519 Regis
278 1490 437 1519 prejudicium
454 1491 476 1512 et
490 1490 617 1518 jacturam,
631 1492 655 1512 et
670 1490 829 1519 plurimorum
845 1491 992 1519 scandalum,
1005 1491 1067 1513 sicut
1084 1491 1154 1513 nobis
1171 1491 1265 1513 constat

196 1521 221 1542 et
252 1519 361 1542 constitit
388 1521 411 1542 et
438 1520 501 1541 sama
527 1519 624 1548 publica
645 1520 792 1548 predicabat,
816 1522 971 1550 occuparunt,
994 1522 1018 1543 et
1039 1522 1122 1543 eontra
1140 1520 1263 1549 justiciam

195 1549 351 1572 detinuerunt
362 1550 386 1571 et
397 1549 475 1571 adhuc
486 1549 594 1571 detinent
606 1552 728 1578 occupata.
742 1552 766 1572 et
776 1550 801 1572 in
812 1550 995 1573 suerebellionis
1002 1550 1140 1579 preconium
1149 1557 1264 1579 occupare

196 1580 280 1601 Terras
297 1579 355 1601 alias
373 1579 450 1608 ipsius
467 1579 538 1607 Regis
556 1580 579 1600 et
598 1579 673 1608 Regni
692 1580 777 1608 Anglie
795 1580 977 1602 comminantur.
1011 1580 1088 1607 Quare
1103 1587 1154 1608 nos,
1167 1581 1224 1603 visis
1240 1581 1264 1603 et

196 1609 323 1636 diligenter
340 1609 440 1631 attentis
458 1609 579 1631 recensitis
595 1609 753 1631 relacinnibus
770 1610 931 1638 predictorum
943 1610 1063 1639 Episcopi,
1086 1610 1259 1638 Archidiaconi,

102 1643 138 1663 fol.
151 1640 220 1662 meet
231 1638 352 1666 Gardiani,
365 1640 389 1661 et
400 1638 499 1660 aliorum
512 1638 653 1660 nunciorum
665 1640 799 1661 nostrorum
810 1640 954 1668 juratorum,
967 1646 1039 1668 super
1055 1640 1225 1663 rebellionibus
1240 1641 1264 1662 et

194 1668 372 1696 inobedienciis,
388 1668 532 1696 excessibus,
548 1669 572 1690 et
588 1668 718 1690 insolerciis
731 1669 882 1698 supradictis,
895 1669 1017 1698 premissa,
1030 1676 1076 1698 que
1088 1670 1146 1692 adeo
1166 1670 1264 1692 fuerunt

194 1698 289 1720 notoria
304 1698 370 1727 quod
384 1698 452 1720 nulla
465 1699 576 1727 potera-nt
592 1698 738 1720 inficiacione
752 1699 829 1727 celari,
843 1699 992 1721 dissimulare
1007 1699 1108 1722 ulterius
1125 1701 1149 1722 et
1162 1700 1222 1722 tales
1238 1701 1262 1722 et

193 1729 273 1751 tantas
284 1727 419 1750 rebellionis
430 1727 604 1750 inobediencias
615 1729 639 1750 et
650 1734 759 1750 excessus
775 1729 892 1751 notabiles
903 1729 1045 1758 pertransire
1056 1729 1194 1758 permittere
1209 1736 1261 1752 con-

200 1757 338 1780 niventibus
345 1757 420 1779 oculis
428 1757 551 1786 inpunitos
560 1757 699 1787 [nolentes]
710 1758 833 1780 nobiscum
845 1760 869 1780 et
880 1765 934 1780 011111
943 1759 1026 1787 peritis
1033 1759 1204 1781 deliberacione
1213 1766 1264 1788 pre-

194 1787 279 1809 habita
290 1787 406 1816 diligenti,
420 1788 476 1816 quia
486 1789 536 1809 tam
547 1794 590 1816 per
601 1788 728 1810 relaciones
744 1788 865 1817 Episcopi,
880 1788 1055 1817 Archidiaconi,
1069 1790 1092 1811 et
1103 1788 1225 1817 Gardiani,
1238 1790 1262 1811 et

194 1817 296 1839 aliorum
311 1817 473 1846 predictorum
488 1818 629 1839 nunciorum
644 1819 781 1840 nostrorum
796 1818 940 1846 juratorum,
960 1820 984 1840 et
1004 1818 1079 1846 aliter,
1102 1818 1170 1840 nobis
1187 1818 1260 1841 libere

194 1848 288 1869 constat
311 1848 335 1869 et
356 1847 466 1869 constitit
489 1847 519 1869 de
540 1847 716 1875 rebellionibus,
740 1847 917 1876 inobedientiis,
940 1849 964 1870 et
989 1848 1125 1870 excessibus
1149 1848 1259 1877 plurimis

193 1876 344 1905 supradietis,
355 1876 380 1898 in
396 1876 491 1905 scriptis
508 1877 719 1905 pronunciavimus
736 1878 759 1899 et
779 1877 951 1899 declaravimus
972 1877 1064 1900 dictum
1086 1877 1219 1900 Robertiun
1233 1877 1262 1900 de

194 1906 265 1931 Brus,
279 1907 337 1928 tunc
351 1906 552 1935 iupresenciarum
570 1906 676 1934 Regnum
696 1906 775 1929 Scocie
786 1907 965 1936 gubernantem,
983 1907 1056 1929 fuisse
1067 1908 1091 1929 et
1102 1914 1152 1930 esse
1169 1907 1260 1930 notorie

194 1935 370 1958 inobedientem
390 1940 413 1958 et
431 1936 543 1958 rebellem
565 1936 650 1958 Sancte
674 1936 779 1958 Romane
803 1936 905 1959 Ecclesie
927 1937 1094 1966 Mandatisque
1115 1937 1261 1966 Apostolicis

194 1967 266 1994 atque
283 1966 379 1993 nostris,
398 1972 424 1987 ac
442 1965 590 1987 decrevimus
609 1966 658 1988 fore
678 1967 758 1988 contra
779 1966 860 1995 ipsum
881 1966 1021 1994 Robertmn,
1043 1968 1159 1996 tauquam
1179 1968 1260 1989 contra

194 1995 305 2017 rebellem
317 1996 339 2017 et
351 1995 525 2017 inobedientem
538 1996 665 2023 notorium,
675 1997 699 2018 et
711 1995 831 2018 lllaudatis
842 1996 988 2025 Apostolieis
999 1998 1070 2025 atque
1081 1996 1167 2019 nostris
1179 2003 1260 2025 parcre

194 2025 336 2047 renitentem
345 2025 490 2053 notabiliter,
502 2025 677 2053 procedendum
688 2033 693 2053 ;
707 2027 738 2053 et,
747 2025 777 2047 ad
788 2025 901 2054 majorem
912 2026 1079 2048 certitudinem
1091 2026 1259 2055 premissorum

194 2055 268 2077 testes
296 2054 427 2083 fidedignos
456 2055 588 2083 Religiosos
616 2056 640 2077 et
667 2055 795 2083 Seculares,
819 2055 915 2077 clericos
944 2057 968 2078 et
994 2055 1073 2083 laicos,
1102 2056 1259 2084 precepimus,

190 2085 215 2107 et
228 2083 296 2113 prius
307 2091 372 2106 more
385 2084 591 2113 precipieudoriun
607 2085 706 2107 testium
721 2085 823 2113 juratos,
836 2092 908 2114 super
920 2085 1117 2114 aggressionibus,
1130 2085 1256 2107 invasioni-

192 2114 245 2142 bus,
273 2115 297 2136 et
323 2114 521 2143 occupacionibus
548 2116 571 2136 et
597 2115 712 2137 varietate
738 2121 819 2137 eorum
844 2116 869 2137 et
895 2115 1005 2144 pluribus
1033 2115 1086 2137 aliis
1116 2114 1258 2144 supradictis

193 2151 233 2167 eos
251 2143 381 2167 examinari
397 2144 497 2166 fecimus
515 2143 656 2173 diligentem
680 2151 783 2173 quorum
800 2144 998 2168 attestacionibus
1018 2144 1075 2168 visis
1092 2146 1116 2168 et
1135 2144 1260 2174 diligenter
