1328 2295
306 151 486 177 GENERAL
511 150 950 176 INDEX—DEDICATIONS.
1127 140 1197 175 135

140 228 283 259 earundem,
304 236 368 252 onus
385 228 518 252 solucionis
530 229 716 252 Procuracionis
733 236 761 252 ea
773 228 900 252 occasione
913 228 1004 257 debite,
1020 230 1045 251 et
1057 228 1141 251 onmia
1153 228 1200 252 alia

140 268 215 284 onera
226 261 271 285 hac
283 262 314 285 de
326 269 400 285 causa
411 261 583 285 incumbencia
595 261 750 291 integraliter
768 264 910 291 agnoscent,
930 263 956 284 et
972 269 1023 284 non
1039 261 1068 284 ad
1084 262 1200 284 Rectores

140 300 184 316 seu
207 294 239 317 ad
259 294 368 317 Vicarios
391 294 535 323 earundem,
559 296 598 317 set
620 294 652 317 ad
675 294 740 324 ipsos
764 294 924 324 parochianos
947 293 1095 324 hujusmodi
1126 301 1200 316 onera

141 326 249 356 plenarie
267 327 447 357 pertinebunt;
465 327 511 350 hoc
523 326 636 350 adhibito
648 327 825 353 moderamine,
849 326 916 355 quod
934 326 1076 356 parochiani
1089 326 1200 356 Capella-

140 366 204 387 rum‚
217 359 261 387 qui
273 367 323 382 non
333 360 399 390 apud
409 367 442 388 se,
452 359 523 382 setin
534 359 661 382 Cimiterio
674 358 823 382 parochialis
836 359 944 381 Ecclesie
954 358 1051 386 sepeliri
1061 358 1199 386 debebunt,

141 391 173 414 ad.
185 392 269 414 omnia
280 400 354 415 onera
366 392 492 415 occasione
505 391 721 415 Reconciliacionis
735 391 858 415 cimiterii
871 391 1021 414 Parochialis
1034 391 1142 414 Ecclesie
1155 398 1198 420 pro

141 425 195 446 rata
212 424 368 447 contribuere
380 424 546 448 tenebuntur:
563 426 603 447 set
621 424 764 453 parochiani
778 424 936 454 Capellarum
948 423 992 453 qui
1004 423 1098 446 habent
1110 423 1136 446 in
1148 423 1200 446 suis

143 454 248 486 Capellis
269 457 432 487 Capellanum
460 457 552 480 ibidem
583 456 701 480 continue
724 456 898 484 celebrantem,
925 464 969 486 pro
992 455 1202 479 Reconciliacione

144 488 258 519 Corporis
270 489 381 513 Matricis
394 489 501 513 Ecclesie
522 489 679 512 contribuere
698 497 748 512 non
768 489 904 512 debebunt.
942 488 999 516 Ubi,
1012 496 1077 515 vero,
1092 488 1201 511 Ecclesia

144 521 292 545 Parochialis
311 524 337 545 et
355 522 433 552 ipsius
446 521 604 545 Cimiterium
625 521 782 544 reconciliata
793 521 889 544 fuerint
901 529 953 544 uno
963 521 1010 549 die,
1032 521 1115 543 omnia
1127 528 1201 543 onera

143 561 171 576 ea
191 554 316 578 occasione
337 554 421 577 debita
440 562 484 584 per
504 555 566 577 duas
587 556 669 584 partes
690 554 789 583 equales
809 554 961 582 dividantur,
982 553 1018 576 ita
1038 553 1106 582 quod
1125 560 1201 576 unam

143 586 304 610 medietatem
323 587 421 610 solvant
441 587 583 617 parochiani
596 586 706 610 Matricis
719 586 827 609 Eeclesie
844 594 887 616 per
905 594 939 614 se,
959 588 985 609 et
997 585 1070 609 aliam
1083 586 1201 608 medieta-

143 620 195 641 tem
215 619 291 642 iidem
312 620 453 649 parochiani
466 619 575 642 Matricis
590 619 697 642 Ecclesie
718 621 744 642 et
760 618 903 649 parochiani
916 618 1073 648 Capellarum
1094 625 1202 648 quorum

143 658 244 681 corpora
260 652 285 675 in
299 652 428 676 Cimiterio
444 652 554 675 Matricis
576 651 691 680 Ecclesie,
711 654 768 682 post
787 659 873 674 eorum
891 651 997 679 obitum,
1018 653 1080 674 sunt
1095 650 1200 681 sepulta.

144 683 179 707 Et
197 684 243 707 hec
264 685 347 708 omnia
365 687 447 712 erunt,
469 687 499 708 ut
521 684 685 714 premittitur,
710 684 848 712 observata,
870 683 947 707 eciam
968 683 990 706 si
1012 683 1096 713 Majus
1114 683 1203 706 Altare

144 716 184 739 vel
218 717 290 747 plura
323 717 421 740 Altaria
448 717 489 740 die
522 717 694 740 Dedicacionis
729 717 767 739 vel
803 715 1021 739 Reconciliacionis
1055 715 1203 746 hujusmodi

144 748 196 772 sint
215 750 255 772 vel
274 750 370 773 fuerint
388 750 509 773 dedicata.
547 750 586 772 Ad
599 748 800 776 Dedicacionem,
823 757 888 778 vero,
910 756 953 771 seu
967 748 1203 772 Reconciliaeionem

144 780 291 811 hujusmodi
305 782 470 812 Capellarum,
485 782 611 805 Altarium
629 782 667 805 vel
681 781 867 805 Cimiteriorum
885 781 1004 811 ipsarum,
1024 781 1141 804 Rectores
1159 782 1204 803 aut

144 814 285 844 parochiani
307 815 415 838 Matricis
429 815 536 838 Ecciesie
555 814 712 837 contribuere
731 822 781 837 non
800 816 928 837 tenentur.
964 813 1021 842 Ubi,
1036 821 1102 842 vero,
1121 812 1204 843 Majus

144 847 230 870 Altare
244 847 354 870 Matricis
367 847 474 870 Ecclesie
493 847 570 870 fuerit
591 847 742 874 dedicatum,
764 849 789 869 et
801 854 851 869 non
866 846 974 869 Ecclesia
986 854 1031 869 nec
1045 845 1204 869 Cimiterium

145 878 188 902 illo
208 879 255 906 die,
275 880 392 903 Rectores
412 880 451 903 vel
472 880 563 902 Vicarii
583 882 609 902 et
634 879 776 910 parochiani
796 879 943 909 hujusmodi
963 878 1071 902 Ecclesie
1093 877 1204 901 Matricis

146 919 220 935 onera
240 912 350 942 predicte
368 912 538 935 Dedicacionis
557 912 623 935 iuter
643 920 668 935 se
689 912 810 941 equaliter
828 911 960 938 divi<lent;
978 911 1013 934 ita
1025 911 1092 941 quod
1106 911 1203 938 Rector,

146 951 189 967 seu
209 944 321 968 Vicarius
341 945 480 968 secundum
501 945 690 968 Ordiuaciouem
711 947 737 967 et
757 944 923 967 Taxacionem
936 943 1031 967 Vicarie
1056 949 1108 972 sue,
1128 950 1205 966 unam

146 977 315 1007 medietatem,
334 980 360 1001 et
372 977 513 1008 parochiani
528 978 600 1000 aliam
617 977 777 1000 medietatem
796 976 943 1007 hujusmodi
955 983 1059 999 onerum
1071 977 1207 1006 agnoscant

146 1011 173 1032 et
191 1010 339 1040 persolvant.
378 1011 500 1040 Cumque,
519 1010 604 1039 eciam,
617 1010 704 1033 eodem
722 1010 769 1038 die,
783 1009 854 1039 plura
867 1009 961 1032 Altaria
975 1009 1001 1031 in
1016 1008 1081 1031 Navi
1097 1008 1207 1032 Matricis

147 1041 255 1065 Ecclesie
263 1042 359 1066 fuerint
368 1043 489 1071 dedicata,
500 1043 543 1065 ubi
551 1050 616 1067 vero,
628 1050 672 1072 pro
683 1042 739 1065 dolo
747 1050 789 1065 seu
800 1041 872 1072 culpa
885 1042 1026 1072 aliquorum
1037 1040 1207 1064 Dedieacionis

146 1082 189 1097 seu
199 1075 415 1098 Reconciliacionis
425 1075 533 1098 officium
546 1075 623 1098 fuerit
635 1075 840 1104 impendendum,
856 1074 892 1097 illi
904 1074 948 1103 qui
960 1073 1107 1104 hujusmodi
1120 1073 1207 1096 dolum

147 1109 193 1130 aut
211 1107 309 1138 culpam
328 1108 508 1131 commiserunt
528 1108 588 1130 alios
607 1115 714 1137 quorum
736 1107 841 1130 interest
859 1106 1014 1129 tenebuntur
1036 1106 1068 1129 ab
1090 1105 1207 1128 omnibus

146 1139 294 1170 hujusmodi
306 1141 422 1164 oneribus
434 1141 538 1163 liberare
551 1143 576 1163 et
593 1140 740 1170 indempnes
753 1147 903 1167 conservare,
915 1139 946 1162 ad
959 1146 1008 1169 que
1020 1146 1070 1161 non
1083 1138 1207 1161 Dedicans

147 1179 191 1195 seu
209 1173 385 1202 Reconcilians,
399 1175 437 1196 set
453 1173 489 1196 illi
501 1173 526 1195 in
540 1180 648 1203 quorum
667 1172 835 1202 prejudicium
851 1171 998 1202 hujusmodi
1012 1171 1084 1194 dolus
1097 1173 1123 1194 et
1134 1170 1208 1201 culpa

147 1205 316 1228 committitur
328 1206 437 1228 habeant
449 1206 581 1228 accionem.
618 1205 646 1228 In
659 1213 725 1233 casu,
745 1207 838 1232 autem,
860 1204 904 1227 ubi
917 1203 1025 1226 Ecclesie
1038 1203 1207 1232 Cathedrale5‚

149 1237 340 1267 Conventuales,
364 1241 408 1261 aut
427 1238 561 1268 Collegiate
574 1238 689 1265 Ecclesie,
712 1245 755 1260 seu
775 1237 885 1267 ipsarum
898 1236 993 1259 Altaria
1013 1238 1058 1259 aut
1072 1235 1207 1263 Cimiteria,

151 1270 189 1292 vel
210 1270 326 1300 speciales
340 1271 439 1301 Capelle
457 1274 503 1294 aut
516 1270 629 1293 Oratoria
645 1270 786 1299 aliquorum
800 1269 938 1298 Nobilium,
956 1268 1094 1291 dedicanda
1112 1268 1208 1291 fuerint

148 1304 193 1325 aut
210 1303 397 1332 reconcilianda,
418 1303 454 1326 illi
471 1306 591 1326 tenentur
610 1310 741 1332 agnoscere
759 1301 906 1332 hujusmodi
918 1309 992 1324 onera
1004 1300 1048 1330 qui
1060 1300 1208 1331 hujusmodi

147 1334 255 1358 officium
274 1336 449 1366 procurabunt.
487 1336 539 1358 Hec
558 1335 647 1364 omnia,
668 1337 697 1358 ut
713 1334 878 1364 premittitur,
898 1334 1052 1357 observanda
1073 1336 1140 1361 sunt,
1160 1333 1208 1356 nisi

149 1367 215 1390 inter
231 1368 287 1391 illos
304 1376 412 1398 quorum
430 1368 536 1391 interest
550 1368 598 1390 alio
617 1368 691 1390 modo
707 1367 775 1390 licito
792 1367 864 1390 aliter
882 1366 916 1389 sit
930 1368 1098 1393 conventum;
1119 1365 1209 1389 167.—

148 1399 227 1423 There
247 1400 268 1424 is
290 1408 323 1424 no
346 1401 422 1430 date3
451 1401 498 1424 but
520 1400 564 1424 the
588 1401 670 1431 Entry
688 1407 774 1423 occurs
793 1399 965 1429 immediately
983 1398 1048 1422 after
1070 1398 1207 1429 Lady·day,

116 1514 403 1544 YARcomm—Deoimo
416 1514 522 1545 septimo
535 1515 574 1538 die
587 1514 702 1538 Octobris
716 1513 839 1537 Dominus
852 1512 977 1536 dedicavit
990 1512 1073 1543 Majus
1086 1511 1171 1535 Altare
1184 1511 1210 1535 in

151 1548 260 1572 Ecclesia
272 1548 408 1571 Parochiali
418 1548 449 1570 de
461 1547 628 1570 Yertccumbe
642 1555 647 1575 ;
666 1548 703 1570 64.

116 1580 397 1610 UGBOROUGH,—Apud
411 1580 584 1610 Uggeburghe,
598 1580 638 1602 dic
650 1579 720 1603 Jovis
736 1579 762 1602 iu
776 1579 849 1602 Festo
863 1578 1041 1608 Apostolorum
1054 1577 1170 1608 Syrnonis
1183 1578 1209 1600 et

151 1614 218 1637 Jude
231 1613 271 1642 [25
285 1612 361 1642 Oct.]‚
375 1613 498 1636 Dominus
510 1612 635 1635 dedicavit
648 1612 729 1641 Majus
743 1611 828 1634 Altare
840 1611 866 1634 111
879 1611 988 1634 Ecclesia
1000 1610 1108 1636 ibidem;
1129 1610 1166 1633 65.

119 1646 334 1674 PLYMPTON‚—Et
346 1645 386 1668 die
398 1646 501 1668 Veneris
513 1645 538 1668 111
551 1645 659 1668 crastino
677 1645 718 1674 [29
732 1644 778 1667 Oct
790 1643 805 1674 j,
826 1644 892 1673 apud
906 1643 1065 1674 Plymptone,
1086 1641 1211 1666 dedicavit

153 1678 289 1702 Ecclesiam
301 1677 471 1702 Parochialem
483 1677 577 1701 ibidem
589 1680 616 1701 et
627 1676 796 1700 reconciliavit
808 1676 983 1707 Cymyterium
997 1684 1002 1704 ;
1021 1675 1078 1699 ibid.

546 1734 623 1761 AD.
644 1734 720 1761 1315.

119 1776 318 1835 cologllgniuio'gg'
343 1776 472 1806 v.),-The
497 1776 590 1807 Chapel
619 1776 669 1799 and
693 1775 825 1806 Cemetery
853 1783 916 1799 were
944 1774 1076 1798 dedicated
1100 1775 1113 1798 9
1137 1774 1210 1804 Aug.,

226 1827 232 1839 ,
313 1828 318 1833 .

549 1852 622 1880 A.D.
643 1852 719 1880 1316.

121 1895 421 1924 MrMnunY‚—Vi0esimo
433 1895 541 1918 secundo
551 1895 590 1918 die
600 1894 692 1917 mensis
700 1894 715 1917 J
719 1894 770 1922 ulii,
780 1893 905 1917 Dominus
915 1893 1041 1917 dedicavit
1051 1892 1209 1916 Oimiterium

154 1928 269 1956 Ecclesie‚
278 1928 329 1951 sive
342 1927 447 1958 Capelle,
458 1928 489 1950 de
501 1927 633 1956 Memburi,
643 1927 762 1957 premissa
774 1926 954 1956 protestacione
964 1933 1012 1956 que
1024 1925 1212 1956 sequitur,—In

155 1960 203 1983 Dei
235 1960 350 1988 Nomine,
379 1960 565 1987 Amen—Nos,
594 1960 726 1987 Walterus,
756 1959 917 1989 permissione
946 1959 1037 1981 Divina
1066 1958 1212 1981 Exoniensis

157 1993 303 2023 Episcopus,
331 1993 487 2016 Cimiterium
511 1992 627 2021 Ecclesie,
651 1992 701 2014 sive
726 1991 831 2021 Capeno,
855 1991 887 2014 de
910 1991 1042 2019 Memburi,
1066 1990 1211 2013 distinctam

157 2025 273 2048 habentis
286 2025 438 2053 Parochiam,
458 2027 541 2048 nostre
555 2024 672 2053 Diocesis,
689 2032 719 2047 ex
732 2024 804 2047 certis
817 2024 998 2047 sufficientibus
1010 2026 1036 2046 et
1048 2023 1112 2045 veris
1124 2023 1212 2052 causis,

156 2065 187 2081 ex
213 2057 293 2081 Officii
316 2057 395 2081 nostri
421 2057 506 2081 debito
529 2056 643 2080 dedicare
666 2056 833 2085 intendentes,
862 2056 969 2079 dicimus
991 2058 1017 2078 et
1044 2057 1215 2085 protestamur

154 2097 270 2121 expresse
282 2090 350 2121 quod
361 2098 412 2114 non
424 2092 463 2114 est
474 2089 621 2114 intencionis
633 2092 718 2113 nostre
730 2089 798 2120 quod
811 2096 854 2120 per
866 2088 1013 2119 hujusmodi
1022 2087 1213 2111 Dedicacionem
