1328 2295
424 166 606 193 GENERAL
633 168 770 197 INDEX.
1109 161 1178 196 341

112 243 195 271 Maria,
217 244 243 266 in
263 250 311 272 qua
330 243 499 266 nichilominus
520 245 770 267 commemoracionem
791 251 833 273 pro
855 244 925 267 dictis
946 246 997 267 tam
1017 245 1078 268 vivis
1104 253 1176 275 quam

111 273 230 296 defunctis
246 273 296 295 fieri
312 273 430 301 volumus,
444 273 468 295 in
484 273 565 295 eadem
576 274 681 296 Ecclesia
697 281 738 296 seu
750 274 872 302 Parocbia,
886 276 992 297 cessante
1003 275 1174 303 impedimento

111 301 225 331 legitimo,
243 303 320 325 dicere
339 302 425 324 cotidie
443 304 584 328 teneantur:
601 310 649 325 uno
668 310 766 332 semper,
785 304 895 326 videlicet
911 304 1107 333 archipresbitero
1122 312 1174 334 pre-

111 331 183 360 dicto,
192 332 253 354 eirca
260 339 340 354 curam
348 331 460 354 Parochie
471 333 495 354 et
503 332 560 360 jura
567 332 718 361 Episcopalia
725 335 749 355 et
758 333 964 355 Archidiaconalia
975 341 1029 356 cum
1041 335 1175 363 oportuerit

110 361 243 384 exhibenda
250 368 398 390 summopere
407 361 527 389 vigilante.
559 362 656 390 Tenore,
666 363 747 390 eciam,
758 363 907 385 Presencium
918 363 1072 391 prohibemus
1083 370 1111 386 ne
1120 364 1175 393 quis

111 390 291 419 Capellauorum
303 391 441 419 hujusmodi
452 398 603 420 quocumque
614 392 690 414 colore
701 393 795 421 quesito
807 392 831 414 iu
842 392 895 414 aliis
908 392 1017 415 Ecclesiis
1028 393 1120 421 vicinis,
1134 394 1171 415 vel

109 419 170 442 circa
175 420 242 442 aliud
250 420 417 449 quodcumque
424 420 571 449 Obsequium
578 421 701 449 Divinum,
709 423 859 450 preterquam
866 422 890 443 in
898 421 962 444 dicta
969 422 1083 445 Parochia
1090 429 1172 452 perpe·

107 449 159 478 tuo,
168 449 312 472 clericorum
319 451 361 472 aut
368 450 481 472 laicorum
488 452 600 479 precepto
607 457 648 472 seu
654 457 729 479 prece,
737 451 831 473 valeant
838 451 979 480 ministrare,
988 451 1046 474 dum
1052 452 1172 475 dictorum

109 478 291 507 Capellanorum
309 486 408 501 numero
424 479 526 502 voluerit
543 480 676 508 aggregari;
693 480 756 509 quod
772 481 792 502 si
804 487 870 502 secus
886 481 966 509 egerit,
979 481 1025 503 nisi
1040 481 1114 504 tercio
1129 488 1172 511 per

109 507 253 537 Episcopum
272 510 313 531 aut
332 509 383 537 ejus
399 508 535 537 Officialem,
554 509 755 531 Archidiaconum
772 510 889 532 Cornubie
906 512 948 533 aut
964 510 1015 539 ejus
1031 510 1168 540 officialem,

108 543 150 559 seu
160 545 202 567 per
212 538 347 566 predictum
358 538 589 566 Archipresbiterum
601 539 767 567 commonitus,
780 539 884 561 noluerit
894 546 907 561 a
917 539 1006 562 talibus
1018 540 1143 569 abstinere,
1156 547 1171 563 a

109 573 152 589 suo
173 567 262 590 ibidem
279 568 362 590 habito
381 567 494 590 beneficio
512 568 544 590 sit
571 568 623 596 ipso
639 568 694 596 jure
715 569 823 597 privatus
842 570 865 591 et
886 569 915 591 de
936 569 1018 591 eodem
1039 570 1170 598 repellatur

109 596 211 625 omnino,
234 598 258 620 et
279 597 340 619 alius
360 597 413 619 loco
434 597 471 619 sui
489 597 561 625 juxta
581 598 682 619 formam
705 598 868 626 precedentem
890 598 997 626 ydoneus
1017 599 1167 628 subrogetur.

108 625 228 653 Quantum
239 626 269 649 ad
280 627 379 655 gradum
395 626 457 649 inter
472 633 511 648 eos
522 627 659 649 habendum
670 629 694 649 et
705 628 759 656 quis
777 628 888 650 anteferri
899 628 992 656 debeat,
1004 629 1133 651 statuimus
1144 630 1169 651 et

108 655 244 678 ordinamus
262 656 327 685 quod
344 656 364 678 is
391 656 429 678 cui
445 656 550 684 regimen
570 657 647 678 tocius
664 656 777 679 Parochie
797 658 834 679 est
853 657 1013 686 commissum,
1037 664 1116 687 quem,
1138 659 1168 681 ut

107 685 265 714 premisimus,
285 685 518 714 Archipresbiterum
536 686 646 708 volumus
674 687 815 715 nuncupari,
834 686 863 708 dc
884 686 952 709 bonis
973 687 1037 709 dicte
1053 687 1165 717 Ecclesie,

106 714 199 742 ipsi·ut
216 715 365 743 premittitur
381 715 540 743 appropriate,
559 715 632 737 libere
652 715 793 744 disponendi
813 717 886 745 prout
904 716 1045 738 Rectoribus
1065 717 1166 740 aliarum

106 743 263 767 Ecclesiamm
279 746 359 767 nostre
371 745 476 766 Dioeesis
490 745 531 773 jus
545 745 593 766 sive
611 745 757 767 consuetudo
773 746 899 774 permittit,
912 745 999 768 habeat
1009 746 1164 775 facultatem;

105 772 147 801 ita,
159 774 247 802 tamen,
260 774 324 803 quod
342 775 392 796 tam
409 774 459 802 ipse
476 781 548 802 quam
567 774 608 796 alii
620 774 741 803 Capellaui
758 782 818 803 quos
836 775 882 796 sibi
894 775 973 797 Socios
990 775 1123 804 appellabit
1140 777 1166 798 'm

106 803 187 825 eadem
198 803 269 826 domo
283 803 362 831 simul,
376 803 470 831 cotidie,
490 810 514 825 se
531 804 602 825 simui
620 805 644 826 et
660 804 771 826 similiter
786 804 892 826 reficiant
909 806 932 826 et
948 804 1057 827 habitent
1068 805 1092 827 in
1104 812 1166 828 com-

104 832 187 860 mimi;
214 833 325 862 quodque
346 832 409 855 idem
430 833 619 861 Archipresbiter
645 833 674 855 de
700 833 768 855 bonis
789 834 983 862 provenientibus
1009 834 1038 856 de
1060 834 1165 857 Ecclesia

104 862 210 890 predicta
221 862 319 891 singulis
329 862 462 891 Capellanis
474 869 516 890 pro
528 862 646 891 stipendio
658 864 682 885 et
693 863 750 885 roba
761 870 804 885 sua
815 863 913 891 singulis
925 864 992 885 annis
1004 863 1063 886 duas
1074 871 1165 887 marcas

105 890 136 913 ad
156 891 217 914 duos
237 892 293 914 anni
309 892 439 919 Terminos,
458 891 574 918 videficet,
594 892 619 914 in
636 892 706 914 Festo
724 892 812 914 Pasche
833 895 857 914 et
877 893 958 915 Sancti
979 893 1102 916 Michaelis
1122 900 1166 923 pro

105 921 229 949 equalibus
247 921 400 950 porcionibus
419 921 508 943 solvere
526 923 649 949 teneatur;
673 922 722 950 qui,
742 922 846 950 quidem,
866 922 1058 950 Archipresbiter
1073 924 1124 945 tam
1140 923 1166 945 in

105 950 311 973 administracione
329 950 452 978 bonorum,
472 952 500 972 ut
521 951 676 979 premittitur,
697 958 769 979 quam
789 951 885 973 honoris
902 952 1058 980 prerogativa,
1081 953 1166 975 ceteris

105 979 236 1008 preferatur
244 987 250 1008 ;
262 980 315 1002 aliis
324 980 458 1008 Capellauis
469 980 531 1002 inter
541 987 565 1002 se
576 980 644 1002 illum
656 981 764 1009 gradum,
774 980 799 1002 in
810 980 906 1003 sedibus
917 982 942 1003 et
952 981 1014 1009 aliis,
1026 988 1098 1010 quem
1108 982 1167 1005 ordo

105 1009 218 1038 temporis
236 1016 284 1039 quo
301 1009 326 1031 in
342 1009 454 1032 societate
471 1009 611 1038 hujusmodi
627 1010 716 1032 fuerint
734 1010 781 1032 illis
802 1010 939 1032 attribuerit
956 1010 1082 1039 habituris,
1095 1011 1169 1040 juxta.

104 1038 179 1067 legem
199 1046 245 1068 que
266 1039 325 1061 dicit
345 1039 410 1068 quod
431 1039 451 1061 is
470 1039 557 1067 gradus
578 1041 667 1061 ceteros
689 1039 813 1062 antecedat
834 1046 904 1068 quem
930 1040 955 1061 iu
975 1040 1059 1062 eodem
1084 1047 1168 1069 genere

103 1068 222 1090 militandi
232 1068 300 1090 labor
317 1068 432 1097 prolixior
448 1068 535 1090 fecerat
552 1069 647 1091 anteire.
682 1069 753 1096 Quas,
774 1069 878 1098 quidem,
892 1069 1060 1092 Ordinaciones
1071 1072 1164 1093 nostras

104 1097 205 1126 quilibet
226 1098 368 1127 Capelianus
386 1097 427 1126 qui
446 1097 535 1120 ibidem
554 1098 701 1126 reeipiendus
719 1099 798 1127 fuerit,
811 1099 835 1120 in
852 1105 896 1121 sua
911 1099 1061 1127 admissione,
1079 1106 1104 1122 se
1122 1106 1166 1122 suo

103 1127 208 1156 tempore
215 1129 332 1156 quantum
339 1127 370 1149 ad
376 1127 455 1156 ipsum
462 1128 582 1155 pertinent
589 1129 746 1156 servaturiun,
755 1128 868 1156 prestitoj
873 1130 1002 1156 uramento,
1013 1129 1167 1157 corporaliter

103 1156 234 1179 affirmabit.
268 1157 338 1179 Salva
348 1157 416 1179 nobis
427 1158 451 1179 et
462 1157 641 1179 Successoribus
648 1157 743 1185 nostris,
756 1158 880 1186 Episcopis
892 1158 1065 1181 Exoniensibus
1074 1159 1116 1187 qui
1122 1165 1167 1188 pro

103 1186 209 1215 tempore
219 1186 316 1214 fuerint,
329 1187 447 1215 potestate
458 1186 579 1214 premissis
590 1186 693 1209 addendi
706 1193 747 1209 seu
758 1187 896 1209 detrahendi
904 1187 1001 1216 eisdem,
1012 1188 1038 1215 si,
1052 1189 1132 1217 prout,
1141 1190 1167 1211 et

104 1215 198 1244 quando
217 1216 286 1238 nobis
307 1218 350 1238 aut
368 1216 426 1244 ipsis
447 1215 581 1238 videbimus
603 1223 644 1238 seu
665 1216 768 1238 viderint
789 1216 906 1244 expedire,
930 1218 954 1239 et
975 1217 1046 1239 salvis
1064 1217 1119 1246 jure
1140 1219 1165 1241 et

100 1244 266 1273 jurisdicoione
277 1245 379 1267 Ecclesie
394 1247 474 1267 nostre
486 1245 625 1267 Exoniensis
641 1245 677 1274 [ac
688 1246 762 1267 eoiaui
773 1246 1000 1268 Archidiacouorum
1012 1246 1130 1269 Cornubie
1141 1248 1166 1270 et

103 1280 200 1296 suorum
211 1274 353 1297 Officialium
363 1275 405 1304 qui
422 1281 464 1303 pro
480 1276 586 1303 tempore
604 1274 711 1303 suerint}
724 1275 749 1297 in
766 1275 877 1297 omnibus
888 1276 912 1297 et
930 1276 1028 1304 singulis
1044 1283 1071 1298 ac
1089 1277 1164 1299 eciam

103 1304 251 1332 auctoritate,
264 1304 352 1333 quibus
363 1311 405 1332 per
415 1304 530 1333 premissa
541 1304 564 1326 iu
575 1304 642 1326 nullo
650 1304 761 1326 volumus
772 1311 814 1326 nec
825 1304 972 1327 intendimus
983 1305 1100 1334 derogare.
1106 1306 1164 1329 —In

102 1333 170 1362 cujus
188 1334 221 1356 rei
237 1334 402 1356 testimonium
420 1333 525 1362 sigillum
542 1335 651 1355 nostruin
670 1341 717 1356 una
734 1341 789 1356 cum
810 1334 888 1362 sigillo
906 1334 994 1356 Decani
1015 1336 1039 1357 et
1057 1335 1164 1364 Capituli

101 1362 203 1385 Ecclesie
217 1364 297 1385 nostre
308 1363 456 1385 Cathedralis
466 1363 557 1385 Exonie
568 1363 720 1385 Presentibus
739 1365 775 1385 est
789 1364 1052 1392 appensu1n.—Datum
1063 1365 1161 1394 Exonie,

101 1392 201 1421 septimo
219 1393 257 1415 die
278 1393 364 1415 mensis
384 1392 514 1420 Februarii,
535 1393 604 1414 Anno
622 1393 718 1415 Domini
738 1393 866 1415 Millesimo
888 1393 1049 1416 tiicentesimo
1070 1394 1162 1417 decimo

100 1428 161 1444 nono
182 1422 315 1451 [1319-20];
333 1422 383 1450 148,
403 1421 597 1450 [lea-another
615 1429 684 1451 copy,
703 1422 760 1444 with
779 1429 809 1444 no
826 1422 955 1445 variations
974 1423 1000 1445 of
1016 1423 1162 1453 importauce

99 1452 182 1480 except
192 1451 233 1474 the
244 1451 352 1474 addition
362 1452 389 1473 of
397 1452 439 1474 the
450 1451 527 1473 words
538 1452 647 1474 enclosed
658 1453 682 1474 in
693 1451 820 1480 brackets}

127 1489 293 1512 -Cmnmissio
303 1496 375 1518 super
385 1488 449 1511 clieta
462 1489 619 1517 Canama,—

71 1525 196 1556 Walterms,
208 1528 263 1555 etc„
275 1527 362 1549 dilecto
382 1527 431 1549 filio
450 1527 565 1555 Magistro
582 1527 683 1549 Ricardo
701 1527 729 1550 de
741 1527 860 1555 Coletoue,
875 1528 1008 1551 Precentori
1019 1529 1044 1551 in
1055 1529 1160 1552 Ecclesia

97 1556 230 1585 Exoniensi,
240 1557 350 1584 salutem,
363 1556 479 1579 etc—Ad
490 1557 650 1585 recipiendum
662 1557 788 1579 Personam
799 1557 916 1585 ydoneam
927 1565 998 1586 quani
1010 1558 1040 1580 ad
1047 1558 1157 1582 Officium

98 1586 342 1615 Archipresbiteratus
360 1586 385 1608 in
404 1586 508 1608 Ecclesia
526 1586 606 1608 Sancti
626 1586 749 1608 Michaelis
767 1586 796 1608 de
816 1586 940 1615 Penkevel,
953 1589 1032 1610 nostre
1043 1588 1157 1618 Diocesis,

97 1622 139 1644 per
154 1622 197 1638 nos
214 1616 243 1638 de
261 1616 359 1638 consilio
377 1617 401 1637 et
417 1622 513 1637 assensu
525 1615 631 1644 Capituli
646 1616 729 1643 nostri,
743 1616 938 1638 concurrentibus
954 1616 1000 1639 hiis
1011 1617 1051 1646 qui
1063 1618 1092 1640 de
1101 1618 1157 1646 jure

98 1645 257 1674 requiruntur,
269 1646 363 1667 noviter
373 1644 517 1672 ordinatum,
530 1646 554 1667 et
567 1645 597 1667 ad
614 1645 690 1674 ipsam
701 1645 829 1667 Ecclesiam
840 1645 916 1668 eidem
928 1646 1009 1668 Officio
1020 1647 1158 1676 appropria-

97 1675 155 1703 tam,
167 1674 283 1697 Dominus
294 1675 309 1697 J
312 1674 415 1697 ohannes
429 1674 458 1696 de
470 1674 570 1703 Treiagu
586 1675 695 1697 canonice
706 1675 860 1703 presentabit,
873 1675 1018 1705 eandemque
1029 1677 1156 1700 Personam

96 1703 122 1726 in
137 1704 226 1727 eisdem
242 1704 323 1727 Officio
340 1705 364 1726 et
380 1703 492 1731 Ecclesia,
508 1704 580 1732 juxta
600 1704 700 1726 sormam
721 1704 907 1726 Constitucionis
928 1712 970 1727 seu
991 1705 1156 1729 Ordinacionis

98 1734 178 1756 nostre
198 1740 268 1763 super
285 1733 331 1756 hoc
353 1733 423 1761 edite,
451 1740 523 1762 quam
545 1733 612 1755 vobis
638 1733 749 1756 volumus
775 1734 888 1762 exhiberi,
916 1735 1031 1763 premissa
1053 1736 1156 1764 Inquisi-

98 1763 163 1785 cione
183 1764 213 1786 ad
224 1763 427 1785 Presentacionem
442 1762 579 1791 hujusmodi
598 1763 622 1785 in
633 1763 708 1785 forma
719 1763 800 1785 dehita
811 1764 835 1785 et
846 1765 959 1786 consueta
969 1764 1154 1794 instituendum,

97 1799 123 1815 ac
132 1792 209 1821 ipsam
220 1793 346 1815 Personam
361 1793 386 1814 in
401 1792 546 1821 corporalem
565 1792 735 1820 possessionem
750 1792 856 1821 ipsorum
867 1793 942 1815 Officii
959 1795 984 1816 et
995 1794 1098 1817 Ecclesie
1114 1801 1157 1824 per

96 1828 146 1850 vos,
164 1822 202 1844 vel
221 1822 303 1850 alium,
320 1822 488 1849 inducendum,
502 1823 526 1844 et
546 1821 720 1844 defendendum
742 1822 880 1850 inductam
902 1829 992 1845 necnon
1013 1824 1156 1847 Canonicam

97 1851 261 1874 obedienciam
277 1851 446 1880 recipiendum,
459 1853 484 1873 et
499 1851 578 1873 onmia
594 1851 639 1873 alia
652 1853 676 1874 et
692 1851 785 1879 singula
795 1852 929 1874 faciendum
940 1859 986 1881 que
997 1853 1022 1875 in
1032 1854 1154 1882 premissis

96 1881 120 1903 et
137 1881 324 1911 circaffpremissa
340 1881 470 1903 necessaria
486 1880 574 1903 fuerint
592 1881 629 1902 vel
640 1881 713 1903 eciam
730 1882 861 1909 oportuna;
879 1882 953 1910 vobis,
971 1889 1026 1904 cum
1037 1882 1155 1906 Canonice

96 1910 239 1933 cohercionis
255 1912 382 1939 potestate,
399 1911 480 1932 tenore
496 1910 645 1932 Presencium
662 1911 835 1933 committimus
851 1911 913 1933 vices
930 1912 1154 1935 nostras-Datum

96 1939 231 1968 Londouiis,
243 1940 310 1969 xxiiij
320 1940 358 1962 die
368 1940 455 1962 mensis
463 1939 561 1968 Aprilis,
570 1940 639 1962 Anno
650 1940 747 1962 Domini
758 1940 842 1962 Millmo
854 1940 946 1963 CCCm0
957 1941 1067 1964 vicesimo
1077 1949 1083 1971 ;
1101 1942 1152 1966 149.

11 1977 56 2009 St.
68 1977 206 2010 Mullion
219 1979 344 2019 [Sancti
357 1978 486 2016 Melani,
502 1978 585 2018 MS]
598 1989 605 2015 3
624 1978 808 2010 Taxcctions
823 1979 861 2018 of
872 1979 921 2010 the
939 1979 1154 2022 Viam-aqa—

65 2020 225 2043 I.—Vicarius
242 2038 247 2043 .
266 2038 271 2043 .
292 2038 297 2046 ,
315 2022 339 2043 et
350 2027 493 2043 successores
504 2020 617 2049 ejusdem,
627 2021 721 2043 nomine
738 2021 839 2050 Vicarie,
850 2022 954 2044 habeant
964 2024 1043 2045 totum
1055 2023 1153 2046 Sanctu-

95 2049 171 2073 arium
180 2050 283 2073 Ecclesie
299 2067 304 2072 .
323 2067 329 2073 .
349 2067 353 2073 .
372 2051 470 2079 excepta
483 2057 531 2072 una
546 2050 612 2078 pecia
627 2052 689 2073 terre
700 2057 745 2079 que
757 2053 856 2073 vocatur
871 2058 955 2080 parcus
971 2053 995 2074 et
1011 2053 1118 2075 continet
1128 2053 1154 2075 in

96 2086 137 2102 seu
151 2086 203 2102 nam
216 2087 294 2102 acram
304 2081 365 2102 terre
374 2079 566 2107 Cornubiensem,
578 2080 615 2101 vel
623 2080 722 2102 circiter.
765 2080 884 2109 Habeant,
896 2081 978 2109 eciam,
991 2082 1080 2104 Vicarii
1097 2099 1102 2105 .
1121 2099 1127 2105 .
1145 2099 1152 2106 .

93 2109 173 2132 totum
190 2109 328 2139 altalagium
348 2109 373 2132 iu
394 2109 504 2132 omnibus
524 2109 684 2139 porcionibus,
704 2111 729 2133 et
749 2110 842 2133 solvant
861 2111 1056 2134 Procuracionem
1070 2111 1153 2135 Archi-
