1328 2295
343 161 509 187 GENERAL
536 161 853 187 INDEX—BODMIN.
1137 150 1181 184 51

116 238 211 268 marcis,
233 241 259 262 et
274 239 405 268 Quindene
423 239 543 263 Omnium
558 239 708 263 Sanctorum
724 239 755 262 de
770 238 778 262 l
795 238 891 267 mareis,
908 245 1039 268 quousque
1057 237 1182 261 dictarum

118 271 295 301 peccuniarum
307 280 405 295 summe
417 272 523 303 ccxlvjli.
538 272 601 303 xiijs.
615 274 641 295 et
650 271 719 302 iiijd.,
732 271 766 294 sic
778 273 921 302 recuperate
933 273 959 294 et
970 270 1103 301 recognite,
1113 270 1184 293 nobis

115 304 211 327 fuerint
228 304 338 334 plenarie
356 305 488 335 persolute,
501 305 537 328 ita
553 305 620 335 quod
637 305 663 328 in
679 304 768 327 ultimo
783 303 907 332 Termino,
925 303 951 326 id
967 304 1035 333 quod
1052 303 1180 326 residuum

117 336 172 365 erit,
196 337 264 360 dicta
287 337 405 367 peccunia
431 337 593 368 persolvatur,
617 338 649 360 ad
671 337 810 360 citeriorem
834 336 985 359 solucionem
1008 335 1034 358 in
1057 335 1181 358 Terminis

116 376 198 392 coram
210 369 328 399 predictis
341 370 357 393 J
360 370 498 399 usticiariis,
512 370 536 393 in
556 370 707 393 Cancellaria
724 369 826 392 Domini
845 369 925 399 Regis,
934 369 964 391 de
980 368 1054 391 dictis
1066 367 1178 398 peccuni-

116 409 188 425 arum
209 402 314 425 summis
335 403 466 433 assignatis
484 403 588 425 minime
606 404 746 430 teneantur,
764 410 808 425 nec
828 401 942 432 compelli
962 401 1061 424 valeant
1079 408 1179 430 quoquo

116 434 196 458 modo.
233 434 266 463 Si,
285 443 350 464 vert),
368 435 394 458 in
417 435 500 465 aliquo
521 435 644 464 Termine,
668 435 805 458 defecerint
827 434 858 457 de
881 433 1006 457 solucione
1029 432 1172 462 supradicta

115 468 177 490 tunc
197 467 229 490 ad
246 467 430 491 observandum
449 467 578 491 Terminos
600 475 683 491 coram
706 467 799 490 eisdem
819 467 835 490 J
839 466 970 490 usticiariis
988 466 1019 489 de
1044 466 1132 494 Baneo,
1153 465 1178 488 in

116 497 267 523 cancellaria
279 500 381 523 Domini
393 500 467 530 Regis
483 500 627 530 assignatos,
640 502 775 523 teneantur
787 502 812 523 et
824 499 938 529 compelli
950 498 1056 526 valeant,
1070 498 1179 528 presenti

116 531 200 555 Litera
220 540 270 555 non
290 532 411 556 obstante.
449 533 483 556 Et
500 540 557 556 cum
579 533 650 556 nobis
670 533 701 556 de
722 532 801 562 ccxlvj
822 532 898 560 libris,
920 531 964 562 xiij
987 530 1079 559 solidis,
1097 532 1123 553 et
1141 530 1177 560 iiij

115 564 229 593 denariis,
248 565 273 588 in
294 565 367 588 dictis
390 565 520 594 Terminis,
539 565 578 588 vel
601 567 693 596 postea,
712 565 743 588 de
766 565 839 588 dictis
862 564 954 587 debitis
977 563 1085 594 plenarie
1109 563 1179 586 satis-

114 596 226 626 fecerint,
244 599 337 621 extunc
354 600 407 621 tam
425 598 535 628 predicte
552 598 732 628 recogniciones
749 605 825 627 quam
844 597 926 620 Litere
942 595 1094 626 Obligatorie
1111 595 1180 618 irrite

114 629 166 652 sint
184 631 209 653 et
224 629 310 653 inanes
328 633 353 653 et
371 631 439 653 omni
456 633 556 653 careant
573 631 659 653 robore
677 630 818 656 firmitati&
837 629 939 653 interim
957 629 1070 658 utrisque
1090 628 1116 651 iu
1134 635 1179 651 suo

114 662 202 685 robore
217 662 417 686 duraturis—In
433 662 506 693 cujus
524 663 558 686 rei
576 663 748 686 testimonium
765 662 875 692 sigillum
891 663 1006 685 nostrum
1019 660 1180 684 Presentibns

114 694 233 718 duximus
256 696 573 725 apponendum.—Datum
592 696 658 726 apud
682 695 820 724 Farndone,
845 693 1032 725 Wyntoniensis
1053 692 1179 724 Dyocesis,

115 727 167 758 xxij
181 727 221 750 die
234 728 325 751 mensis
337 728 416 757 Junii,
429 729 502 751 Anno
516 728 617 751 Domini
630 727 673 752 Mo.
688 728 762 752 CCC.
775 728 876 758 xiiijffl02
897 725 949 751 851³.

146 776 207 799 Aeta
218 784 291 806 super
303 776 470 807 Requisicione
487 777 521 800 acl
533 776 739 800 reconciliandmn
752 777 928 800 lisonasterium
944 775 1110 799 Bodmz'nie5—

81 808 307 832 -MEMORANDUM
324 810 392 840 quod
410 810 449 833 die
467 810 569 833 Sabbati
587 810 700 840 proxima
718 812 775 840 post
793 810 897 832 Festum
915 809 1000 832 Sancti
1013 807 1135 831 Leonardi
1152 807 1176 836 (9

114 841 185 870 Nov.,
200 841 282 872 1314),
295 850 424 865 occurrens
438 843 524 865 Frater
536 843 551 866 J
554 843 662 865 ohannes
681 842 721 872 [de
736 840 939 872 Kylkamptone]‚
953 841 1023 864 Prior
1035 840 1180 864 Monasterii

115 874 253 904 Bodminie,
278 875 385 898 Domino
415 875 543 905 Episcopo,
572 876 646 905 juxta
675 875 781 898 Pontem
807 875 838 897 de
869 873 1032 902 Lostwithiel,
1055 881 1086 896 ex
1108 875 1179 903 parte

116 906 237 930 Orientali
256 907 370 937 ejusdem
395 907 488 936 Pontis,
507 908 624 938 exposuit
646 908 727 930 eidem
752 907 873 937 Episcopo
895 907 962 937 quod
986 914 1029 936 per
1052 906 1177 936 quendam

114 939 257 962 conflictum
276 939 342 963 inter
360 941 485 970 quendam
501 941 614 963 Fratrem
632 940 744 963 Odonem
766 940 873 968 Denisel,
889 939 1089 963 Concanonicum
1104 946 1179 961 suum

115 971 175 995 dicti
188 972 339 1001 Monasterii,
353 976 378 995 et
390 973 516 1003 quendam
530 973 654 996 Clericum
671 973 820 1001 Secularem,
833 980 909 1003 quem
928 972 995 995 idem
1012 972 1099 994 Frater
1117 971 1179 999 Odo,

114 1004 140 1027 in
158 1004 308 1028 Monasterio
327 1005 444 1035 predicto,
461 1013 541 1035 usque
559 1005 590 1028 ad
608 1005 735 1034 sanguinis
752 1005 897 1028 effusionem
914 1004 1062 1032 vulneravit,
1079 1003 1179 1026 biennio

114 1036 153 1060 vel
167 1037 264 1060 circiter
282 1037 371 1068 elapso,
384 1038 450 1061 idem
467 1038 647 1061 Moimsterium
661 1038 744 1061 fuerat
758 1040 901 1061 execratum
915 1045 920 1065 ;
938 1037 1080 1067 supplicans
1098 1036 1179 1059 humi-

113 1069 172 1092 liter
194 1069 275 1093 eidem
302 1070 423 1100 Episcopo
448 1073 485 1099 ut,
510 1071 540 1094 ad
564 1071 660 1094 dictum
685 1070 866 1093 Monasterium
888 1070 1022 1098 divertens,
1046 1069 1136 1099 ipsum,
1159 1068 1180 1091 si

114 1102 228 1132 placeret,
248 1103 404 1126 reconciliare
419 1103 571 1133 dignaretur.
610 1103 665 1132 Qui,
684 1103 794 1133 quidem,
812 1103 956 1133 Episcopus,
975 1104 1032 1132 post
1052 1101 1179 1124 modicum

113 1142 226 1158 annuens
238 1135 464 1165 supplicaeionibus
481 1136 541 1158 dicti
555 1135 651 1163 Prioris,
665 1136 756 1159 statuit
773 1136 846 1158 Diem
864 1135 1021 1158 Dominicam
1037 1134 1178 1164 proximam

114 1169 171 1197 post
190 1167 292 1190 Festum
316 1168 401 1191 Sancti
423 1168 557 1197 Edmundi,
579 1168 765 1191 Cantuariensis
786 1167 971 1198 Archiepiscopi
991 1167 1031 1196 [24
1052 1166 1127 1195 Now]
1148 1166 1180 1189 ad

114 1200 325 1223 reconciliandum
341 1201 520 1224 Monasterium
541 1201 705 1224 antedictum.
742 1201 775 1224 Et
793 1201 894 1223 veniens
910 1200 976 1223 idem
992 1199 1136 1229 Episcopus,
1150 1205 1181 1221 ex

115 1232 161 1255 hac
173 1240 252 1261 causa,
266 1233 305 1255 die
319 1233 421 1256 Sabbati
440 1234 552 1263 proxima
569 1237 627 1256 ante
644 1234 736 1256 dictam
756 1233 920 1261 Dominicam,
933 1232 1000 1263 apud
1013 1231 1179 1259 Bodmiuiam,

115 1267 142 1288 et
158 1265 298 1295 ingrediens
317 1266 462 1296 Capitulum
482 1266 581 1291 ibidem,
600 1266 743 1296 vocatisque
756 1266 824 1289 dicto
843 1266 929 1288 Fratre
946 1265 1069 1292 «Iohanne,
1087 1264 1179 1292 Priore,

115 1299 141 1320 et
161 1297 214 1320 aliis
233 1298 362 1321 Canonicis
376 1299 436 1321 dicti
452 1299 594 1322 Monasterii
607 1307 689 1321 coram
706 1307 740 1327 eo,
754 1307 828 1328 super
846 1298 913 1321 dicta
929 1297 1047 1321 violencia
1064 1299 1090 1319 et
1106 1297 1180 1319 modo

115 1330 228 1360 ejusdem
247 1331 378 1361 requisivit
398 1332 504 1354 eosdem.
549 1331 604 1360 Qui,
629 1332 738 1361 quidem,
761 1331 831 1354 Prior
852 1333 877 1353 et
897 1330 1014 1354 Canonici
1034 1329 1181 1353 fatebantur

114 1362 208 1386 ibidem
221 1364 288 1393 quod
302 1364 413 1394 prefatus
428 1364 513 1387 Frater
526 1364 580 1387 Odo
593 1364 718 1394 quendam
732 1364 855 1387 Clericum
869 1363 1010 1387 Secularem
1028 1362 1053 1385 in
1072 1362 1181 1385 Ecclesia

115 1403 167 1424 sua,
186 1395 286 1419 biennio
309 1396 348 1419 vel
366 1396 462 1419 circiter
479 1397 568 1427 elapso,
588 1405 666 1427 usque
690 1397 720 1419 ad
744 1396 871 1426 sanguinis
894 1395 1040 1419 effusionem
1063 1394 1089 1417 iu
1112 1394 1180 1417 dicta

116 1428 227 1451 Ecclesia
250 1428 408 1457 vulneravit;
427 1432 453 1452 et
469 1429 494 1452 id
514 1430 611 1452 noviter
629 1429 660 1452 ad
684 1437 725 1452 cor
744 1431 887 1452 revocantes
908 1428 1060 1458 reputabant
1083 1435 1113 1450 ex
1133 1426 1180 1449 hoc

116 1460 211 1483 Locum
222 1460 305 1491 ipsum
318 1464 461 1484 execratum
474 1470 479 1490 ;
498 1464 523 1484 et
536 1462 602 1491 quod
619 1470 633 1484 a
648 1464 759 1492 tempore
776 1462 841 1487 dicte
854 1461 971 1484 violencie
983 1460 1141 1483 celebrarunt
1153 1459 1179 1482 in

113 1493 181 1516 dicta
194 1493 302 1517 Ecclesia
315 1496 340 1517 et
352 1494 399 1517 alia
412 1494 503 1517 Divina
516 1495 601 1518 Officia
617 1495 797 1517 excercuebant
814 1494 867 1523 (sic)
886 1494 912 1516 in
925 1494 1011 1516 eadem
1023 1493 1089 1515 sicut
1101 1492 1177 1522 prius,

115 1527 141 1549 et
158 1533 259 1556 corpora
276 1530 434 1550 mortuorum
451 1527 604 1557 sepeliebant
620 1527 734 1550 similiter
746 1527 811 1549 sicut
830 1527 905 1556 prius.
943 1526 1017 1549 Unde
1035 1525 1101 1548 idem
1120 1524 1177 1554 Epi-

114 1566 210 1588 scopuS,
227 1558 275 1582 hiis
291 1559 391 1588 auditis,
409 1562 434 1582 et
450 1562 569 1589 reputans
588 1560 683 1582 facturn
700 1559 846 1589 hujusmodi
866 1559 959 1589 grande
979 1561 1005 1581 et
1023 1565 1130 1585 enorme,
1150 1559 1176 1580 et

114 1591 182 1621 quod
195 1591 290 1614 factum
302 1591 393 1622 ipsum,
406 1593 488 1622 quoad
499 1592 697 1615 Celebracionem
711 1592 860 1615 Divinorum
873 1594 898 1614 et
910 1591 1014 1614 aliorum
1025 1590 1174 1613 Divinorum

114 1623 257 1647 Officiorum
277 1624 446 1653 excercicium,
460 1625 485 1647 in
503 1625 555 1647 loco
572 1625 656 1647 taliter
676 1627 789 1648 execrato
805 1627 830 1647 et
848 1626 961 1647 execrato
982 1625 1106 1651 manente,
1123 1625 1176 1645 erat

115 1663 254 1685 commune,
267 1657 377 1680 decrevit
389 1659 518 1687 propterea
531 1657 597 1687 ipsos
611 1657 699 1680 debere
717 1657 801 1687 puniri
815 1657 841 1680 in
858 1656 991 1684 communi,
1005 1658 1031 1679 et
1043 1654 1176 1678 mulctavit

115 1696 155 1712 eos
166 1689 192 1711 in
206 1689 295 1719 viginti
311 1689 380 1712 libris
398 1690 581 1720 sterlingorum,
596 1698 639 1720 pro
655 1698 700 1713 suo
716 1689 871 1719 beneplacito
887 1689 917 1712 ab
930 1689 989 1718 ipsis
1001 1688 1171 1711 levandorum.

114 1721 307 1745 ——Presentibus
320 1722 434 1745 Dominis
448 1723 521 1745 Petro
534 1723 564 1745 de
576 1722 709 1750 Honitone,
722 1723 825 1745 Ricardo
838 1722 868 1745 de
882 1721 1017 1752 Braileghe,
1031 1719 1174 1751 presbiteris

114 1753 175 1777 dieti
188 1754 311 1785 Episcopi,
325 1757 351 1778 et
365 1763 405 1778 me
418 1755 538 1778 Nicholao
551 1756 581 1778 de
595 1755 664 1783 Hele,
678 1755 764 1778 clerico
776 1754 867 1784 ipsius;
887 1752 939 1778 891³.

145 1802 229 1826 Litera
246 1803 369 1827 Generalis
386 1812 458 1834 snper
475 1804 729 1827 Ercmnmzmicacionc
748 1803 860 1833 Philippi
876 1803 904 1826 de
924 1803 1069 1826 Kermlw—

82 1834 122 1858 He
134 1835 191 1864 had,
204 1843 271 1859 some
283 1836 344 1859 time
357 1836 447 1864 before,
462 1837 511 1860 laid
529 1837 622 1859 violent
638 1837 718 1859 hands
730 1844 797 1866 upon
813 1837 893 1866 Roger
907 1835 929 1858 le
948 1836 1017 1863 Gros,
1028 1842 1074 1857 one
1087 1834 1113 1857 of
1130 1833 1173 1856 the

116 1867 221 1897 Canens,
234 1876 247 1891 a
259 1869 344 1898 priest,
357 1869 407 1892 and
419 1869 593 1899 professed--“
604 1877 683 1899 usque
701 1869 732 1891 ad
748 1877 797 1891 non
816 1869 939 1891 modicam
952 1867 1079 1897 sanguinis
1091 1866 1173 1889 effusi-

115 1908 187 1923 onem
199 1901 308 1931 graviter
319 1901 563 1930 vulne1·anslo‚—an(l
576 1902 667 1931 having
679 1901 800 1932 appeared
818 1901 901 1924 before
913 1901 956 1924 the
970 1900 1069 1930 Bishop,
1082 1899 1113 1922 he
1126 1906 1174 1921 was

112 1933 250 1962 convicted,
260 1934 310 1957 and
322 1935 455 1957 sentenced
469 1937 494 1957 to
507 1934 578 1957 incur
590 1934 634 1957 the
645 1935 749 1957 Greater
762 1933 1020 1961 Excommunication,
1029 1940 1054 1955 as
1067 1932 1110 1954 the
1123 1931 1172 1954 due

113 1964 165 1989 and
188 1966 313 1989 canonioal
333 1967 427 1989 reward
447 1967 472 1989 of
492 1967 648 1997 sacrilegious
669 1967 825 1989 malesactors
845 1966 871 1989 of
893 1966 950 1989 that
969 1968 1037 1993 sort;
1059 1964 1109 1987 and
1129 1963 1173 1986 the

114 1998 237 2021 Sentence
256 2006 305 2022 was
325 1999 453 2030 publickly
471 2000 619 2029 proclaimed
640 1999 796 2029 throughout
817 1999 860 2021 the
883 1998 963 2021 whole
983 1997 1009 2020 of
1033 1997 1075 2020 the
1094 1995 1173 2019 Arch-

115 2030 237 2062 deaconry
255 2031 280 2054 of
297 2032 426 2055 Cornwall.
464 2032 505 2062 Up
523 2034 549 2055 to
567 2032 610 2055 the
627 2032 685 2054 date
703 2032 729 2054 of
745 2031 788 2054 the
801 2031 915 2061 Bishop‘s
932 2031 1018 2053 Letter
1038 2030 1078 2058 (28
1097 2029 1171 2058 Aug.¹

116 2063 197 2092 1315),
210 2063 241 2086 he
254 2063 302 2087 had
315 2066 360 2087 not
378 2064 440 2087 been
456 2064 573 2088 absolved
586 2073 591 2092 ;
609 2065 666 2093 and,
679 2064 832 2092 meanwhile,
846 2063 888 2086 the
908 2063 999 2093 Bishop
1017 2061 1113 2085 forbids
1129 2061 1172 2083 the

116 2095 229 2119 Faithful
241 2098 268 2119 to
280 2096 340 2119 hold
358 2097 516 2120 communion
536 2097 597 2120 with
616 2097 717 2120 him—“
728 2096 789 2127 quin
805 2096 897 2126 pocius,
912 2098 941 2118 ut
956 2095 1046 2118 rubore
1062 2093 1172 2117 suffusus

115 2128 147 2151 ad
165 2128 273 2152 Ecclesie
288 2129 411 2159 gremium
429 2130 532 2152 celerius
547 2132 688 2153 revertatur
711 2147 715 2152 .
741 2147 745 2152 .
769 2147 774 2152 .
795 2128 880 2152 vitetis
903 2128 1019 2156 eundem,
1041 2128 1066 2150 et
1088 2126 1171 2156 ipsum

115 2160 190 2184 vitari
201 2161 316 2185 similiter
327 2161 424 2186 faciatis
435 2162 447 2172 '’
460 2170 467 2192 ;
486 2160 639 2192 108b.—See,
656 2162 715 2191 also,
728 2162 814 2190 Rome,
830 2161 910 2185 Court
921 2160 947 2184 oi
958 2168 965 2190 ;
984 2160 1039 2184 122.

168 2193 205 2229 E2
