1328 2295
104 147 176 183 356
308 159 385 183 THE
403 157 587 184 REGISTER
606 157 653 183 OF
671 155 810 182 Bienor
828 152 1058 181 STAPELDON.

195 234 350 263 consiliarios,
359 235 471 263 fautores,
480 236 504 257 et
515 241 626 263 sequaces
637 240 726 261 eorum,
737 239 764 255 ac
775 232 800 254 in
810 232 855 254 hoc
866 230 1006 253 adherentes
1013 227 1110 254 eisdem,
1118 223 1214 254 publice
1221 221 1259 244 vel

196 264 296 298 officulte,
309 265 381 287 eciam
394 265 414 287 si
425 265 487 287 inter
498 271 537 286 eos
548 270 646 293 persone
658 263 737 292 alique
746 261 909 284 Ecclesiastico
920 259 1016 287 fuerint,
1030 257 1200 286 cujuscumque
1211 251 1260 274 sint

195 293 229 315 lni
241 294 277 316 rel
286 294 324 328 illi
336 294 488 321 condicionis,
502 294 632 322 dignitatis,
646 293 742 321 ordinis,
756 292 805 314 sive
820 292 905 318 status,
918 287 1077 312 Ecclesiastici
1088 285 1125 308 vel
1136 281 1259 309 mundani,

196 330 305 358 quamvis
319 323 522 353 Archiepiscopali
540 323 576 345 vel
588 322 723 352 Episcopali
742 321 891 350 prefulgeant
908 319 1030 347 dignitate,
1044 318 1072 339 ut
1083 316 1113 338 ab
1123 310 1262 342 hujusmodi

196 353 334 376 turbacione
346 361 388 376 seu
404 354 582 382 impedimento,
595 359 686 374 necnon
702 352 732 373 ab
749 351 813 373 omni
830 351 916 377 favore,
929 347 1035 375 consilio,
1048 345 1145 372 auxilio,
1158 340 1262 371 sequela,

196 384 220 404 et
231 383 377 411 adherencia,
390 384 451 405 circa
462 383 487 405 id
498 382 662 413 impendendis
674 381 769 403 omnino
780 380 904 407 desistant,
914 385 956 407 per
967 371 1227 400 Exconnnunicacionis
1238 371 1262 391 in

196 419 316 440 personas,
329 415 353 435 et
365 413 489 435 Inter-dieti
497 412 632 434 Sentencias
641 412 664 433 in
676 413 751 433 terras
759 412 782 432 et
791 409 906 432 Ecclesias
917 415 1005 435 eorum,
1016 413 1042 428 ac
1054 402 1261 435 perprivacionem

195 441 327 475 feodorum,
341 443 496 469 locacionum,
509 442 647 469 ossicioruin,
661 443 684 463 et
692 445 897 469 quomuncumque
913 436 1085 460 Beneficiorum
1097 430 1264 463 Spiritualinm

196 474 256 494 eitra
268 472 496 506 archiepiscopalem
509 473 533 493 et
545 471 708 500 Episcopalem
720 469 868 498 dignitatem,
877 469 927 495 aut,
936 467 1018 494 eciam,
1027 462 1204 493 'Femporaliurn
1216 466 1262 488 que

198 508 212 523 a
233 502 424 531 quibuscumque
446 501 557 523 Ecclesiis
578 500 729 528 optinebunt,
753 501 781 521 ut
802 499 835 521 sic
856 498 929 520 libere
950 497 992 518 illa
1011 495 1041 518 ad
1062 495 1127 523 ipsas
1145 490 1262 514 Ecclesias

196 533 352 565 reyertantur,
366 532 431 560 quod
447 531 535 553 Prelati
553 532 576 552 et
594 530 705 552 Hectores
724 536 811 555 earum,
825 529 867 550 aut
883 527 924 549 alii
940 526 969 549 ad
980 532 1040 554 quos
1051 524 1075 546 id
1084 520 1221 552 pertinebit,
1233 518 1262 540 de

197 561 246 595 illis
257 568 300 590 pro
318 568 362 584 sua
378 562 501 584 voluntate
517 560 653 589 disponant,
670 566 697 581 ac
714 558 941 584 inhabilitacionem,
954 556 1035 583 eciam,
1047 556 1098 576 tam
1111 555 1265 581 personarum

197 597 303 625 ipsarum
315 591 541 617 Ecclesiasticarum,
555 589 746 617 Archiepiscopis
757 590 781 610 et
791 587 915 616 Episcopis
926 586 1052 608 dumtaxat
1065 582 1178 611 exceptis,
1191 584 1264 608 quam

198 620 310 655 hlloruni,
323 623 447 650 nepotum,
460 622 484 642 et
501 619 601 642 aliorum
619 618 814 641 descendencium
832 617 862 639 ab
878 616 936 645 ipsis
952 613 1118 637 turbatoribus
1129 613 1154 633 et
1164 607 1263 638 impedi-

197 651 290 685 torrbus
307 651 381 679 laicis,
401 657 477 679 usque
494 649 525 671 ad
542 649 673 671 secundum
690 648 799 677 gradum,
817 647 848 669 ad
865 646 948 675 quevis
966 643 1131 667 Ecclesiastica
1148 637 1265 662 Beneficia

198 680 334 714 optinenda,
346 682 369 703 et
376 687 418 710 per
427 680 473 702 alia
476 679 538 708 juris
547 678 658 706 remedia,
666 678 694 700 de
703 677 791 706 quibus
798 678 822 699 et
830 677 903 705 prout
914 674 1025 703 expedire
1034 671 1149 698 videritis,
1162 667 1257 698 appella

198 717 264 744 <none
275 712 373 739 remota,
387 710 466 732 debite
478 708 641 737 compescendi
651 715 656 733 ;
673 714 754 729 omnes
765 713 860 736 quoque
871 707 896 728 et
906 704 1019 733 singulos,
1033 702 1074 731 qui
1086 700 1173 724 eisdem
1184 697 1257 721 turba

196 740 291 774 torlbus
302 747 345 762 seu
355 739 537 769 impeditcribus
549 738 623 765 laicis,
636 739 678 759 aut
689 744 770 759 eorum
781 736 859 764 alicui,
870 735 1006 764 juramento
1014 733 1032 755 F
1034 730 1148 754 idelitatis
1154 728 1267 751 tenentur

198 771 298 804 astmcti,
322 770 352 792 ab
372 771 425 799 ipso
443 769 581 798 juramento
603 767 719 796 quamdiu
744 766 791 795 ipsi
811 764 950 793 hujusmodi
975 762 1042 785 Pacis
1066 761 1203 784 turbatores
1224 763 1266 779 scu

198 799 351 828 lmpeditores
366 799 497 826 extiterint,
511 797 656 825 absolvendi,
670 798 693 819 et
705 796 751 818 alia
761 795 863 818 faciendi
874 801 920 823 que
936 794 997 815 cirea
1012 791 1127 820 premissa
1138 788 1175 811 vel
1187 787 1267 815 aliqua

198 829 228 863 de¹
245 830 365 858 premissis
383 829 473 851 tuerint
490 829 623 856 oportuna:
646 833 692 848 non
711 826 821 848 obstante
838 825 857 847 si
875 824 917 851 eia,
935 826 976 845 aut
994 829 1074 844 eorum
1091 818 1212 848 aliquibus
1229 815 1265 837 vel

198 859 277 887 alicui,
298 859 383 882 aSede
394 858 533 887 Apostolica
550 857 582 879 sit
599 856 719 878 indultum
738 855 782 877 sub
798 860 948 884 quacumque
965 853 1040 874 forma
1056 850 1092 872 vel
1111 847 1266 876 coucepcione

198 889 331 916 verborum,
353 889 418 918 quod
438 887 555 914 interdici,
573 886 694 915 suspendi,
710 885 745 907 vel
766 883 974 910 excommunicari,
992 882 1034 904 aut
1051 886 1131 902 eorum
1150 879 1212 900 terre
1229 875 1265 897 vel

198 918 302 941 Ecclesie
319 918 484 941 Ecclesiastico
504 916 634 939 Interdicto
656 915 759 944 supponi
780 914 864 943 quavis
885 912 1028 935 auctoritate
1049 916 1096 932 non
1116 908 1218 937 possint,
1241 906 1265 927 et

198 948 307 982 qualibet
324 949 370 971 alia
388 948 451 970 dicte
462 947 529 969 Sedis
541 945 695 974 Indulgencia
707 944 810 973 generali
820 943 856 965 vel
868 942 972 972 speciali,
991 941 1161 969 cujuscumque
1177 935 1266 959 tenoris

199 980 295 1006 emstat,
307 985 349 1007 per
360 985 431 1007 quam
444 976 596 999 Presentibus
612 982 659 997 non
670 981 805 1003 expressam
816 973 853 995 vel
864 972 972 995 totaliter
987 977 1035 993 non
1045 970 1157 991 insertam
1169 966 1266 988 effeetus

104 1011 145 1032 fol.
158 1013 284 1031 linearum
306 1007 415 1037 impediri
437 1007 514 1029 valeat
531 1004 712 1034 quomodolibet
731 1004 769 1026 vel
790 1002 887 1030 differri,
907 1001 975 1023 vobis
996 1002 1020 1022 et
1041 1001 1147 1021 vestrum
1169 995 1268 1019 cuilibet

197 1037 292 1066 plenam
304 1040 328 1060 et
339 1038 436 1060 liberam
449 1035 608 1062 concedimus,
622 1037 701 1056 tenore
710 1033 867 1060 Presencium,
881 1031 1028 1054 facultatem.
1060 1029 1106 1051 Per
1116 1028 1166 1054 bec,
1176 1028 1264 1052 autem,

198 1074 246 1101 non
262 1068 409 1090 intendimus
426 1067 451 1088 in
467 1066 547 1094 aliquo
559 1063 772 1087 Commissionibus
783 1069 854 1091 super
864 1062 911 1084 hiis
922 1060 958 1082 vel
976 1060 1029 1082 aliis
1040 1057 1188 1087 quibuslibet
1199 1054 1266 1076 vobis

200 1097 258 1131 allas
269 1105 311 1127 per
321 1104 364 1119 nos
375 1097 444 1119 factis
460 1095 616 1124 prejudicare,
630 1095 666 1116 set
683 1100 722 1115 eas
743 1092 909 1114 nichilominus
926 1091 949 1112 in
967 1096 1010 1112 suo
1021 1089 1132 1110 volumus
1148 1090 1267 1108 remanere

200 1133 287 1156 Vigore.
295 1127 410 1149 —Datum
437 1125 561 1152 Avinione,
585 1124 644 1152 iiijto
668 1122 787 1145 Kalendas
812 1121 889 1149 suun,
918 1119 1075 1142 Pontificatus
1102 1115 1177 1139 nostri
1197 1115 1266 1136 Anno

201 1156 310 1179 Secundo
322 1157 361 1186 [29
374 1156 438 1184 May,
452 1154 527 1183 1318]ι

171 1186 270 1210 celestis
291 1186 444 1209 Providencia
466 1183 584 1212 Principis
604 1182 748 1212 peculiarem
770 1181 898 1210 Populum,
921 1186 992 1208 quem
1018 1177 1101 1200 ceteris
1134 1174 1267 1204 pretulerat

110 1215 186 1260 Ῑξὶθῖξῡ-
203 1217 327 1251 privilegio
338 1216 414 1246 gracie
432 1214 549 1244 specialis,
562 1220 649 1235 manna
663 1212 803 1234 miraculose
821 1209 968 1236 confovebat,
982 1215 1024 1230 nee
1040 1208 1138 1236 propter
1147 1205 1191 1227 hee
1202 1204 1268 1232 virga

110 1246 284 1285 {asum'rigoris
301 1247 326 1269 in
345 1245 451 1274 eiusdem
471 1243 558 1272 Populi
575 1243 719 1265 correccione
741 1241 855 1263 scelerum
876 1239 1023 1265 vacillabat3
1050 1243 1126 1259 nonne
1148 1235 1168 1256 si
1188 1234 1267 1255 fovere

111 1273 186 1311 Οέπᾱῗ,
201 1277 273 1299 (lehet
289 1275 422 1298 humilibus
440 1276 468 1296 ut
485 1272 673 1302 presumpcionis
691 1271 817 1293 rebellium
835 1269 978 1292 inbecillitas
999 1267 1109 1295 rigorosis
1131 1263 1267 1286 ulcionibus

111 1307 375 1336 nariumconcomitante
384 1304 484 1333 justicia
495 1303 665 1331 comprimatur
678 1309 681 1323 :
699 1301 785 1323 etenim
798 1307 852 1322 cum
866 1306 920 1327 spes
931 1296 1074 1327 inpunitatis
1085 1295 1227 1324 prorogatur
1238 1292 1268 1314 ad

202 1337 295 1366 aliquos
304 1336 334 1358 ad
342 1335 436 1364 culpam
444 1333 538 1356 facilius
550 1332 683 1354 invitantur
692 1331 760 1353 ceteri
774 1337 816 1358 per
823 1328 967 1357 exemplum,
978 1327 1058 1355 sicque
1066 1325 1093 1347 fit
1104 1322 1268 1353 penitencialis

201 1366 325 1396 inpunitas
337 1367 365 1387 ut
376 1372 404 1387 ex
417 1371 443 1386 eo
455 1363 476 1385 ci
487 1362 591 1384 reservet
601 1361 732 1383 acrioribus
747 1359 889 1388 puniendos.
922 1358 1033 1384 Interest,
1046 1355 1142 1382 etenim,
1155 1351 1268 1375 utilitatis

202 1396 299 1426 puplice
309 1397 337 1418 ut
349 1400 458 1417 excessus
469 1392 575 1414 vindicta
592 1391 714 1413 coherceat
731 1392 754 1412 et
771 1388 905 1411 rebellionis
917 1385 1087 1409 offendiculum
1098 1392 1112 1406 a
1123 1389 1182 1413 pene
1192 1381 1270 1404 limite

202 1434 249 1450 non
260 1425 373 1448 discedat.
407 1423 514 1449 Dudum,
527 1421 644 1450 equidem,
658 1420 687 1442 ad
699 1419 863 1441 execucionem
879 1417 948 1439 nobis
959 1416 1120 1444 injunctorum
1133 1420 1175 1442 per
1186 1411 1270 1434 Senem

203 1456 374 1486 Apostolicam,
388 1460 433 1482 que
444 1459 472 1474 ex
489 1451 648 1480 predictarum
660 1449 739 1478 colligi
755 1449 856 1477 possunt
867 1446 1015 1469 continencia
1026 1445 1166 1469 Litcrarum,
1180 1441 1270 1464 animos

203 1488 296 1509 nostros
312 1483 426 1508 studiosis
443 1480 645 1504 sollicitudinibus
664 1479 834 1505 convertentes,
848 1477 904 1506 quia
921 1476 962 1498 ubi
979 1474 1074 1497 Nobilis
1085 1473 1136 1500 Vir,
1150 1471 1270 1494 Robertus

203 1517 233 1539 de
244 1517 330 1544 Bruys,
343 1515 451 1542 Regnum
463 1511 596 1540 gubernans
607 1509 694 1537 Scocie,
707 1509 778 1530 larcin
791 1509 849 1530 tunc
866 1506 962 1528 fovebat
977 1504 1101 1534 proprium
1117 1509 1159 1524 nos
1170 1500 1269 1528 latebat,

204 1553 276 1576 super
286 1552 333 1574 quo
345 1542 470 1566 certificari
486 1547 532 1562 non
545 1539 675 1568 poterimus
691 1539 720 1560 de
731 1537 803 1565 facili,
816 1544 859 1558 nec
870 1536 899 1558 ad
915 1536 993 1564 ipsum
1005 1535 1048 1556 aut
1060 1534 1167 1561 Regnum
1179 1530 1267 1557 Scocie,

204 1575 325 1599 nonnullis
346 1571 477 1600 interjectis
494 1569 631 1595 obstaculis,
645 1575 687 1590 nos
706 1568 840 1594 transferre,
853 1565 975 1595 premissis
986 1564 1062 1586 eidem
1078 1562 1166 1584 nostris
1178 1559 1271 1583 Clausis

206 1606 298 1633 Litoris,
312 1610 405 1627 causam
426 1601 542 1623 adventus
559 1599 634 1620 nostri
652 1597 830 1624 nunciantibus,
843 1603 885 1624 per
901 1600 1007 1617 cursores
1022 1594 1116 1615 nostros
1126 1589 1235 1620 proprios
1246 1589 1271 1611 et

202 1637 303 1665 juratos,
333 1640 393 1662 quos
414 1631 477 1653 idem
500 1629 626 1656 Robcrtus,
650 1635 690 1650 seu
714 1628 796 1655 gentes
821 1632 870 1653 sue,
894 1624 981 1647 nedum
1009 1623 1100 1645 Literas
1136 1620 1270 1649 presentare

204 1665 331 1695 predictas,
345 1664 418 1685 imino
434 1667 475 1682 nec
490 1665 596 1681 cursores
610 1658 675 1686 ipsos
691 1657 808 1679 instantes
824 1661 896 1684 super
911 1654 956 1676 hoc
967 1653 1076 1681 Regnum
1091 1652 1179 1673 intrare
1190 1648 1270 1671 Scocie

204 1695 378 1726 permittentes,
392 1691 464 1720 prout
478 1689 546 1711 nobis·
562 1687 691 1709 eorundem
706 1692 829 1708 cursorum
845 1686 981 1707 nostrorum
994 1683 1131 1711 juratorum
1146 1679 1270 1706 relacione,

205 1728 229 1749 et
251 1724 337 1747 Literis
357 1720 527 1744 nonnullorum
550 1717 695 1739 Ballivorum
717 1718 740 1738 et
762 1714 904 1738 Oiiicialium
931 1713 1050 1735 Villarum
1081 1712 1104 1733 et
1133 1710 1272 1732 Castrorum

196 1755 311 1785 plurium
323 1752 432 1775 Parcium
444 1747 569 1771 earundem
582 1747 697 1773 constitit,
713 1744 880 1767 Venerabilem
899 1743 1001 1770 Patrem,
1018 1741 1124 1763 Fratrem
1142 1737 1270 1768 P[etrum]‚

206 1785 351 1814 Episcopum
373 1779 563 1804 Corhaviensem‚
580 1778 603 1798 ct
620 1776 761 1804 Magistrum
778 1774 928 1803 Aymericum
944 1771 1050 1798 Gerar-di,
1071 1769 1273 1792 Archidiaconum

206 1815 333 1840 Eliensem,
349 1810 408 1833 dicti
422 1807 519 1831 Domini
537 1806 629 1828 Summi
645 1805 766 1827 Pontificis
782 1803 937 1832 Capellanum
960 1808 986 1823 ac
1004 1800 1080 1829 ipsius
1101 1798 1166 1821 Sacri
1183 1796 1273 1819 Palacii

206 1844 354 1869 Auditor-eni,
365 1840 394 1863 ad
403 1838 504 1862 eundem
514 1836 645 1858 Robeitnm
656 1837 679 1857 et
688 1835 794 1863 Regnum
807 1833 887 1855 Scocie
897 1831 996 1853 nuncios
1008 1833 1031 1852 et
1042 1828 1170 1851 familiares
1180 1828 1274 1849 nostros

205 1874 319 1897 duximus
330 1868 491 1894 destinandos
503 1867 647 1888 tractaturos
659 1871 712 1887 cum
729 1864 811 1886 eodem
822 1862 925 1884 Roberto
941 1867 1013 1889 super
1023 1858 1144 1888 aliquibus
1156 1855 1274 1879 contentis

206 1904 230 1926 in
247 1900 393 1932 Apostolicis
410 1897 495 1921 Literis
511 1895 686 1924 suprascriptis,
700 1895 723 1916 et
740 1893 890 1915 ordinaturos
906 1893 930 1913 et
941 1890 1100 1916 condictnros,
1113 1888 1175 1910 inter
1185 1887 1269 1913 cetera,

206 1940 260 1956 cum
272 1932 353 1954 eodem
365 1930 394 1951 (le
405 1930 511 1955 tempore
523 1926 586 1947 certo
598 1926 621 1946 et
633 1924 684 1946 loco
695 1923 776 1952 aliquo
786 1922 855 1944 nobis
864 1922 927 1949 tuto,
937 1920 1025 1949 quibus
1036 1925 1107 1947 super
1118 1915 1239 1946 premissis
1250 1916 1274 1937 et

207 1963 260 1985 aliis
272 1961 340 1984 nobis
351 1956 559 1988 injunctisliaberc
570 1961 694 1983 possemus
705 1960 760 1975 cum
771 1952 860 1979 eodem,
874 1950 904 1972 ad
916 1956 985 1979 quem
998 1948 1105 1970 accedere
1123 1946 1272 1975 disposuera-

206 1999 260 2015 mus
276 1993 300 2013 et
316 1988 500 2018 disponebamus
517 1986 614 2013 propter
630 1991 657 2005 ea
667 1982 823 2012 personaliter
837 1980 983 2009 colloquium
995 1978 1088 2007 plenius
1100 1978 1123 1999 et
1134 1976 1271 1998 tractatum.

207 2022 260 2050 Qui,
279 2019 404 2049 siquidem,
422 2015 511 2042 nuncii,
529 2013 656 2035 familiares
673 2013 756 2039 nostri,
774 2018 822 2033 non
837 2010 926 2038 absque
946 2009 1055 2031 laborum
1073 2008 1097 2029 et
1114 2005 1273 2034 periculorum

206 2050 342 2074 incursibus
354 2050 377 2070 et
386 2046 494 2076 jacturis,
508 2050 562 2065 cuin
574 2043 678 2065 maxima
689 2041 829 2064 difficultate
840 2039 929 2062 habitis
937 2038 967 2060 ab
978 2037 1060 2060 eodem
1076 2036 1176 2058 ariberto
1188 2033 1273 2056 Litoris

207 2082 235 2103 de
256 2079 383 2105 conductu,
406 2077 435 2098 ad
458 2074 567 2097 Castrum
588 2072 616 2094 dc
639 2071 803 2100 Rokeborglte,
826 2070 851 2092 in
871 2069 979 2097 ingressu
1003 2066 1083 2089 Scocie
1105 2064 1271 2090 coustitutum,

208 2111 308 2133 finaliter
320 2107 475 2136 applieaiiteS‚
489 2110 543 2124 suas
555 2102 630 2124 cidem
643 2102 747 2124 Roberto
759 2102 786 2123 ut
803 2100 834 2122 ad
849 2099 926 2128 ipsum
940 2098 1036 2126 possent
1047 2095 1133 2122 venire,
1146 2101 1208 2121 cuin,
1222 2092 1274 2114 aliis

206 2140 317 2170 gentibus
335 2137 411 2167 ipsius
430 2133 529 2158 Robusti
544 2139 591 2154 uon
606 2130 810 2161 permittentibus·‚
828 2129 858 2152 ad
874 2127 975 2151 eundem
997 2126 1128 2149 Robcrtum
1149 2123 1274 2152 nequirent
