1328 2295
41 1323 77 1342 fol.
89 1330 119 1347 ²3·

353 132 528 159 GENERAL
554 131 885 159 INDEX—BOSHAM.
1142 121 1163 156 7
1167 121 1188 156 9

131 211 199 235 sione
210 210 379 235 immunitatis
391 210 484 240 extitit,
496 212 552 240 etc„
564 212 590 234 et
601 210 683 234 adhuc
695 210 789 234 existit.
824 209 866 239 Et,
878 209 1048 240 postmodum,
1060 208 1188 239 predictus

130 244 264 273 Johannes,
277 244 414 274 Episcopus
428 243 594 272 Cicestrensis,
605 250 687 266 coram
699 243 752 273 ipso
765 242 873 265 Domino
886 243 959 272 Rege,
969 241 1086 265 Termino
1098 241 1189 264 Sancte

130 277 266 306 Trinitatis,
280 277 353 299 Anno
366 276 445 305 Regni
456 275 528 306 Regis
540 283 607 299 nunc
619 278 690 299 sexto
702 275 798 298 decimo
812 274 898 306 [1323]
910 274 1024 297 similiter
1036 273 1188 297 attachiatus

130 309 187 337 fuit,
204 309 236 332 ad
255 309 455 339 respondendum
473 308 581 331 Domino
601 308 662 339 Regi
679 308 706 331 in
721 308 770 331 isto
787 308 874 330 eodem
891 307 998 334 Placito3
1017 306 1043 329 in
1057 314 1108 336 quo
1122 306 1189 329 idem

131 342 267 372 Episcopus
285 342 315 364 de
333 341 526 370 transgressione
543 340 655 371 predicta
672 342 759 363 contra
779 339 978 363 Prohibicionem
996 339 1098 369 Regiam
1115 338 1188 367 facta,

130 377 184 402 etc,
197 382 240 404 per
256 373 480 397 consideracionem
494 373 607 403 ejusdem
624 373 697 396 Curie
713 372 801 396 extitit
818 372 965 401 convictus;
986 373 1104 402 pretextu
1116 371 1189 401 cujus

131 406 333 429 consideracionis
346 408 491 436 preceptum
503 405 554 428 fuit
565 406 596 429 de
608 405 727 436 capiendo
739 405 823 435 ipsum
840 405 993 435 Episcopum
1009 404 1189 428 Cicestrensem

130 439 162 462 ad
184 439 387 462 satisfaciendum
410 438 471 468 Regi
494 438 524 461 de
544 438 739 468 transgressione
759 437 878 468 predicta,
901 442 928 460 et
949 437 981 460 de
1004 443 1053 466 qua
1075 436 1189 459 nondum

131 471 258 499 satisfecit.
280 474 325 494 etc.
370 471 403 494 Et
427 470 564 494 inhibitum
580 470 631 494 fuit
643 470 723 494 eidem
737 470 858 500 Episcopo
870 477 902 493 ne
915 469 1129 497 Jurisdiccionem,
1142 470 1188 492 etc.

131 504 271 533 aliqualiter
283 505 414 532 exerceret,
428 505 460 532 et,
473 503 494 526 si
506 503 568 533 quid
587 511 631 533 per
645 503 728 533 ipsum
746 505 929 532 attemptatum
942 504 1007 525 esset
1018 502 1044 525 in
1056 501 1189 532 premissis,

132 537 158 560 id
170 537 222 559 sine
234 536 354 559 dilacione
366 538 498 564 revocaret,
512 538 557 559 etc.
596 536 668 559 Unde
680 535 778 559 desicut
790 535 866 558 nichil
878 535 894 559 J
897 534 1066 558 urisdiccionis
1078 533 1190 564 predicto

133 569 254 599 Episcopo
282 577 326 599 per
354 568 535 591 revocacionem
568 568 746 591 Prohibicionis
771 567 881 598 predicte
909 568 1027 590 assertive
1055 574 1190 589 accrescere

133 602 224 632 potuit,
237 609 282 624 nec
294 601 360 624 idem
374 601 497 624 Robertus
509 601 539 623 de
552 601 644 631 Derby,
658 600 781 629 Officialis,
795 602 849 629 etc,
862 600 971 630 aliquam
983 600 999 623 J
1002 598 1191 623 urisdiccionem

132 634 223 657 clamat
235 634 260 657 in
273 641 376 664 persona
390 641 442 662 sua,
455 636 485 656 ut
502 633 533 656 de
545 633 601 663 jure
617 641 662 656 suo
680 633 786 663 proprio,
800 633 847 656 nisi
863 634 964 656 tantum
982 640 1026 662 per
1042 631 1191 655 Mandatum

133 667 238 697 predicti
252 666 372 696 Episcopi,
390 666 433 695 qui
454 674 497 696 per
516 665 705 689 Inhibucionem
724 665 862 696 predictam
879 665 1040 695 restringitur
1055 666 1081 687 et
1099 664 1191 694 ligatur

134 707 165 722 ne
173 699 188 722 J
192 699 378 722 urisdiccionetn
390 698 546 721 Ordinariam
558 700 612 727 etc,
623 706 667 721 nec
680 698 780 728 aliquod
792 698 833 728 jus
846 697 975 721 exercendi
984 697 1000 720 J
1002 696 1191 720 urisdiccionem

134 734 180 755 etc.
197 731 223 754 in
239 739 342 762 persona
360 731 437 760 ipsius
454 731 569 761 Episcopi
584 731 657 761 cujus
675 731 791 754 Officialis
809 733 853 754 etc.
872 731 903 753 de
920 732 1032 760 tempore
1048 731 1107 752 ante
1122 737 1191 752 revo-

134 764 257 787 cacionem
278 763 457 787 Prohibicionis
475 763 592 786 assertive
614 763 735 789 affirmat;
761 766 787 786 et
802 763 869 786 idem
890 762 1013 786 Dominus
1032 762 1086 785 Rex
1106 764 1144 785 est
1166 762 1192 785 in

135 796 285 827 possessione
305 796 481 824 immunitatis,
506 796 619 826 ejusdem
640 795 746 825 Capelle,
768 798 797 818 ut
815 795 957 826 predictum
978 797 1034 823 est;
1062 802 1107 818 nec
1125 794 1192 817 idem

135 830 259 852 Robertus
278 829 371 851 dedicit
390 828 450 858 quin
472 828 582 858 predicta
598 828 738 851 Prohibicio
755 828 831 858 Regia
848 828 870 851 ei
888 828 991 851 liberata
1011 827 1062 850 fuit
1081 827 1193 857 predicto

135 863 209 885 Anno
221 862 283 891 xvj0‚
297 864 322 884 et
334 861 465 884 manifeste
477 861 593 891 cognovit
605 861 672 890 quod
688 861 740 891 ipse
757 869 771 883 a
783 863 894 890 tempore
906 860 1070 883 revocacionis
1082 859 1193 890 predicte

137 894 314 917 Prohibicionis
330 894 448 916 assertive
460 896 485 916 et
498 896 554 923 post
572 893 695 924 predictas
713 893 911 916 Prohibicionem
929 893 976 916 sibi
992 893 1121 915 liberatam
1138 900 1193 922 pre-

136 927 203 950 dicto
217 934 281 949 anno
294 926 356 956 xvjo,
369 929 395 949 et
408 926 587 949 Inhibiciouem
604 926 714 956 predicto
731 926 852 956 Episcopo
870 926 969 954 factam,
983 933 1026 955 per
1042 933 1118 955 quam
1127 925 1194 947 idem

138 960 274 990 Episcopus
292 959 450 987 restiingitur
466 961 491 981 ct
512 959 611 988 ligatur,
625 961 654 981 ut
672 959 811 988 predictum
830 961 874 986 est,
889 958 1044 981 Ordinariam
1056 958 1081 980 in
1095 957 1196 988 Capella

138 992 247 1022 predicta
266 992 347 1022 quoad
366 991 484 1018 chorum,
497 993 542 1014 etc.
556 991 673 1019 exercuit,
687 993 712 1014 et
730 991 812 1014 adhuc
827 994 925 1014 exercet
940 990 966 1013 in
982 990 1107 1020 presenti:
1131 990 1196 1020 petit

137 1024 266 1048 Judicium
283 1032 326 1053 pro
343 1024 450 1047 Doniino
467 1025 540 1054 Rege,
559 1024 674 1047 etc.--Et
691 1023 817 1054 predictus
837 1024 960 1046 Robertus
979 1024 1010 1046 de
1031 1023 1116 1053 Derby
1134 1022 1195 1045 dicit

137 1057 205 1087 quod
217 1057 357 1087 predictum
374 1057 505 1085 Placitum,
518 1056 583 1079 inter
600 1056 737 1079 Dominum
755 1057 846 1086 Regem
865 1058 889 1079 et
902 1055 1042 1086 predictum
1056 1055 1196 1078 Robertum

137 1090 168 1113 de
182 1090 264 1112 Leiset
281 1108 286 1112 .
306 1107 310 1112 .
330 1107 334 1112 .
353 1089 375 1112 ei
390 1089 543 1119 prejudicare
562 1097 610 1111 non
628 1089 702 1111 debet
718 1089 742 1111 in
756 1088 801 1111 hac
816 1091 893 1118 parte,
906 1088 964 1118 quia
981 1088 1043 1111 dicit
1059 1088 1127 1118 quod
1143 1088 1195 1118 ipse

138 1130 187 1145 non
207 1122 258 1145 fuit
278 1122 338 1144 Pars
355 1122 387 1144 ad
407 1122 469 1144 illud
489 1121 620 1149 Placitum,
642 1124 687 1144 etc,
724 1121 791 1144 Dicit
811 1121 895 1147 eciam,
918 1121 984 1150 quod
1005 1129 1048 1151 per
1064 1120 1194 1143 Judicium

137 1162 217 1185 nuper
239 1154 367 1177 redditum
390 1156 476 1177 contra
496 1154 636 1184 predictum
660 1153 809 1180 Johannem,
832 1154 982 1183 Episcopum
1007 1153 1194 1181 Cicestrensem,

137 1187 182 1217 qui
199 1189 300 1210 tantum
319 1189 420 1216 propter
437 1194 486 1209 non
505 1186 673 1209 defensionem
692 1186 769 1216 ipsius
788 1186 902 1216 Episcopi
921 1187 951 1209 de
975 1186 1097 1216 personali
1114 1188 1194 1209 trans-

138 1220 261 1250 gressione
279 1219 326 1242 sibi
344 1219 460 1249 imposita
479 1219 566 1242 extitit
584 1219 719 1247 convictus,
736 1221 762 1241 et
777 1226 827 1241 non
844 1219 869 1241 in
882 1226 940 1249 jure
956 1218 1078 1241 libertatis
1096 1218 1195 1248 Capelle

138 1252 256 1282 predicte,
270 1260 319 1275 non
338 1252 411 1274 debet
430 1251 495 1274 idem
515 1252 639 1274 Robertus
657 1251 773 1281 distringi
789 1259 833 1274 seu
849 1251 919 1280 ligari
935 1251 1003 1281 quin,
1017 1258 1066 1274 non
1079 1251 1195 1274 obstante

139 1285 309 1307 Proliibicioue
330 1284 377 1307 sibi
392 1284 438 1314 ipsi
457 1284 567 1311 liberata,
580 1292 624 1306 seu
641 1283 794 1306 Inhibioione
811 1284 921 1313 predicta
937 1283 1048 1313 predicto
1066 1283 1194 1313 Episcopo,

139 1317 212 1347 cujus
231 1317 346 1340 Officialis
364 1317 415 1346 ipse
435 1319 480 1341 est.
499 1317 572 1344 sacta,
591 1317 653 1339 bene
671 1316 749 1346 possit
766 1316 972 1339 Jurisdiccionem
992 1316 1147 1339 Ordinariam
1169 1316 1195 1339 in

138 1349 249 1380 predicta
263 1349 370 1372 Ecclesia
382 1351 436 1374 etc,
449 1349 480 1372 ad
494 1349 641 1372 Mandatum
654 1349 767 1379 ejusden]
786 1349 901 1379 Episcopi
917 1356 1036 1375 exercere,
1051 1351 1081 1371 ut
1093 1349 1123 1371 de
1133 1347 1195 1372 Jure

140 1382 280 1410 Communi,
301 1385 345 1405 etc.
382 1382 450 1405 Petit
468 1382 604 1410 Judiciurn,
625 1382 742 1404 etex—Et
760 1381 885 1411 predictus
905 1381 994 1409 Adam,
1013 1381 1057 1411 qui
1074 1381 1196 1411 sequitur,

139 1417 193 1444 etc.,
206 1415 273 1443 dicit,
288 1417 317 1437 ut
335 1414 410 1444 prius,
424 1415 490 1444 quod
509 1422 539 1437 ex
556 1421 603 1443 quo
622 1422 665 1444 per
681 1414 863 1437 revocacioneui
878 1414 987 1444 predicte
1008 1414 1197 1437 Prohibucionis

139 1447 256 1470 assertive
276 1447 345 1470 nulla
363 1447 509 1470 Jurisdiccio
524 1447 570 1477 ipsi
588 1447 708 1477 Episcopo
725 1454 859 1469 accrescere
878 1446 961 1476 potuit
978 1446 1004 1469 in
1022 1446 1123 1477 Capella
1142 1454 1196 1477 pre-

140 1480 207 1503 dicta
230 1480 311 1509 quoad
336 1479 446 1503 Cliorun]
470 1482 525 1508 etc,
549 1487 593 1502 nec
620 1479 686 1502 idem
715 1479 846 1507 Robertus,
868 1479 992 1508 Officialis,
1017 1481 1061 1502 etc.
1086 1479 1195 1508 aliquam

140 1512 346 1535 Jurisdiccionein
360 1512 450 1534 clamat
462 1512 486 1534 in
497 1512 590 1540 eadem,
606 1514 635 1534 ut
647 1513 677 1534 de
689 1511 745 1542 jure
757 1519 802 1534 suo
817 1519 886 1541 prop]
894 1512 916 1534 io
929 1514 983 1540 etc,
996 1519 1042 1534 nec
1054 1511 1080 1534 in
1092 1519 1197 1541 persona,

138 1545 217 1575 ipsius
246 1545 359 1575 Episcopi
388 1545 601 1573 Jurisdiccionem,
621 1547 678 1567 autc
706 1544 889 1567 revocacionem
913 1544 979 1567 dicte
1008 1544 1197 1568 Prohibueionis

140 1577 257 1600 assertive
269 1577 368 1603 factam.
381 1577 494 1605 affirmat,
509 1585 553 1600 nec
565 1577 658 1600 dedicit
666 1577 727 1607 quin
746 1577 857 1606 predicta
870 1576 1019 1600 Prohibueio
1032 1577 1104 1600 Anno
1118 1577 1197 1607 Regni

140 1610 213 1640 Regis
231 1618 298 1632 nunc
318 1610 374 1639 xvj0
393 1609 439 1632 sibi
462 1609 565 1632 liberata
585 1609 641 1637 fuit,
661 1612 690 1632 ut
707 1609 848 1639 predictum
869 1612 915 1632 est.
950 1610 984 1632 Et
1006 1609 1032 1632 in
1056 1609 1197 1639 placitando

140 1642 256 1672 cognovit
267 1650 293 1665 se
305 1642 509 1665 Jurisdiccionem
528 1642 683 1665 Ordinariain
697 1642 722 1664 in
741 1641 840 1671 Capella
853 1642 970 1671 predicta,
982 1642 1064 1671 quoad
1078 1642 1196 1671 Chorum,

140 1677 187 1697 etc.
209 1675 353 1702 exercuisse,
370 1677 421 1697 tam
438 1683 452 1697 a
470 1677 580 1704 tempore
599 1674 763 1697 revocacionis
782 1674 891 1704 predicte
907 1681 983 1704 quam
1002 1677 1059 1705 post
1074 1675 1198 1704 predictas

141 1707 348 1730 Prohibncionem
361 1707 407 1729 sibi
424 1707 470 1737 ipsi
484 1708 556 1730 Anno
574 1707 652 1737 Regni
669 1707 741 1736 Regis
759 1714 825 1729 nunc
843 1706 897 1736 xvj⁰
912 1707 1042 1730 liberatam
1055 1709 1081 1730 et
1093 1707 1197 1730 Inhibu-

140 1739 235 1762 cionem
245 1740 355 1770 predicto
365 1739 484 1769 Episcopo
495 1747 537 1769 per
546 1739 674 1762 Judicium
686 1740 759 1762 Curio
771 1757 775 1762 .
791 1757 795 1762 .
809 1758 813 1762 .
827 1739 928 1768 factam,
938 1742 964 1762 et
973 1739 1054 1762 adhuc
1064 1741 1160 1762 exercet
1173 1740 1199 1763 in

140 1772 256 1802 presenti.
286 1772 354 1795 Petit
363 1772 377 1795 J
382 1772 492 1795 udicium
502 1780 546 1802 pro
559 1772 665 1794 Domino
679 1772 752 1801 Rege,
766 1772 883 1795 eta-Et
892 1772 957 1801 quia,
965 1772 1077 1802 iuspecto
1088 1772 1198 1795 Recordo

140 1805 205 1827 inter
221 1805 358 1827 Dominum
375 1804 466 1834 Regem
485 1807 511 1827 et
526 1805 667 1834 predictum
685 1804 901 1833 Archidiaconum,
920 1807 974 1833 etc„
991 1807 1148 1835 compertum
1162 1807 1201 1828 est

141 1837 208 1866 quod
221 1837 338 1860 Canonici
355 1837 461 1860 Ecclesie
479 1837 595 1867 predicte,
609 1844 653 1859 seu
669 1844 754 1859 eorum
769 1837 903 1865 Prehende,
917 1840 963 1860 etc.
981 1836 1114 1867 (utsupra)
1134 1845 1198 1860 nun-

141 1875 216 1898 quam
234 1877 278 1899 per
293 1869 401 1898 aliquem
418 1869 627 1892 Archidiaconum
647 1869 770 1898 Cicestrie,
783 1870 980 1899 predecessorem
994 1870 1099 1899 predicti
1112 1869 1198 1893 Archi-

142 1901 245 1931 diaconi,
263 1902 358 1925 visitati
381 1902 492 1930 fuerunt,
516 1909 561 1925 nec
583 1902 692 1931 aliquam
712 1902 919 1925 Jurisdiccionem
939 1902 1095 1925 Ordinariam
1115 1902 1141 1925 in
1165 1903 1199 1926 eis

142 1936 314 1963 exercuerunt,
331 1941 462 1963 quousque
480 1935 605 1965 predictus
626 1934 827 1963 Archidiaconus,
847 1937 959 1965 tempore
976 1942 1028 1962 suo,
1049 1935 1137 1965 primo,
1150 1937 1196 1958 etc.

142 1966 179 1995 (ut
195 1966 280 1996 supra)
296 1967 419 1990 visitando
433 1967 551 1995 Ohorum,
571 1967 718 1995 Prebendasy
734 1970 788 1995 etc.y
806 1974 849 1997 per
866 1967 934 1996 quod
948 1967 1132 1990 consideratum
1149 1967 1200 1990 fuit

143 1999 210 2028 quod
224 1999 291 2022 idem
308 1999 503 2022 Archidiaconus
519 2002 655 2029 caperetur,
674 2002 700 2022 et
715 1999 852 2022 inhibitum
868 1999 918 2022 fuit
934 1999 1015 2023 eidem
1032 2007 1063 2022 ne
1079 1999 1200 2023 Jurisdic-

143 2031 237 2054 cionem
255 2034 302 2055 cte.
323 2032 359 2061 (ut
376 2032 475 2062 supra);
493 2034 518 2055 et
530 2032 607 2055 eciam
624 2032 736 2062 inspecto
752 2032 862 2055 Recordo
880 2032 946 2055 inter
962 2032 1044 2062 ipsum
1061 2032 1200 2055 Dominum

143 2063 235 2094 Regem
252 2066 278 2087 et
292 2064 432 2094 predictum
456 2065 606 2094 Episcopum
625 2065 811 2093 Cicestrensem,
830 2067 986 2094 compertum
1003 2067 1041 2087 est
1061 2064 1129 2094 quod
1145 2072 1198 2094 pre-

143 2095 225 2119 dictus
234 2097 370 2127 Episcopus
379 2097 410 2119 de
423 2097 616 2127 transgressione
628 2097 739 2127 predicta
751 2097 798 2120 sibi
807 2097 923 2127 imposita
933 2105 976 2127 per
984 2097 1113 2120 Judieium
1124 2096 1200 2120 Curie

142 2130 180 2152 est
188 2129 322 2159 convictus,
331 2137 374 2160 pro
385 2135 434 2159 qua
445 2130 558 2153 nondum
570 2129 678 2153 Domino
692 2129 752 2160 Regi
764 2129 891 2160 satisfecit,
901 2131 928 2153 et
936 2129 1056 2161 peridem
1068 2129 1200 2154 Judicium
