1328 2295
207 156 285 184 THE
311 156 496 185 REGISTER
522 155 570 184 OF
596 154 736 184 BISHOP
765 156 991 184 STAPELDON.
1164 147 1184 182 9

117 236 199 267 ipsum
212 236 361 267 Magistrum
374 237 390 261 J
392 237 523 266 ohannem,
536 236 616 268 primo
629 237 792 268 personaliter
803 235 860 260 viva
871 244 937 265 voce,
951 238 977 259 et
989 237 1076 267 postea
1088 237 1181 260 nostris

119 268 209 292 Literis
232 269 381 300 rogavimus,
404 270 595 299 obsecravimus,
613 272 640 293 et
656 270 830 300 adjuravimus
851 269 932 292 modis
953 269 1070 292 omnibus
1091 269 1184 299 quibus

116 302 277 325 credebamus
297 303 420 333 expedire,
438 303 506 333 quod
529 303 708 326 considerando
729 302 863 326 novissima
885 301 1021 325 Ecclesiam
1042 301 1180 332 predictam

119 334 188 357 nullo
201 335 275 358 modo
287 335 427 359 dimitteret
440 335 466 358 in
479 335 560 358 forma
572 335 687 366 superius
704 337 824 359 annotata
838 342 843 363 ;
863 334 1040 365 promittentes
1052 334 1099 357 sibi
1112 335 1181 364 qnod

116 366 141 390 in
153 367 253 390 redditu
264 367 315 397 (sic)
326 376 371 391 suo
383 368 409 391 in
419 368 535 398 Angli-am
545 376 589 398 pro
599 368 812 398 representacione
825 375 870 390 sua
879 367 911 390 ad
921 367 1025 390 eandem
1037 367 1179 396 Ecclesiam,

116 407 130 422 a
144 402 227 423 vestra
242 400 335 424 Sancta
351 400 507 424 Paternitate
527 400 691 431 impetranda,
707 401 738 424 ad
755 408 798 424 vos
819 399 983 430 personaliter
1000 399 1143 423 veniremus
1158 402 1184 423 et

115 432 331 463 interponeremus
343 433 374 456 ad
387 433 431 456 hec
443 433 504 456 totis
521 433 616 457 viribus
632 436 714 464 partes
731 435 836 457 nostras.
873 432 948 456 Unde
965 432 1048 455 dictus
1062 432 1180 462 Magister

116 465 250 494 Johannes,
270 465 372 489 dimissa
393 466 428 489 ibi
451 466 476 489 in
497 466 605 495 secretis,
624 468 654 489 nt
675 466 769 495 asserit,
788 465 963 496 resignacione,
983 465 1014 488 de
1034 465 1093 488 data
1112 465 1180 488 illius

115 497 235 528 temporis
251 500 277 521 et
294 506 324 521 ex
341 498 498 521 habundanti
515 500 673 529 procuratore
689 499 720 522 ad
738 498 916 529 resignandum
935 498 966 521 de
981 505 1052 526 novo,
1071 497 1091 521 si
1107 505 1180 528 opor-

116 532 176 559 teat,
193 530 240 553 sub
256 530 408 554 confidencia
425 531 595 561 promissionis
612 534 704 560 nostre,
717 531 816 554 infectis
832 530 939 561 negociis
955 530 1006 553 suis
1021 530 1070 554 illis
1086 532 1112 553 et
1127 530 1181 554 aliis

116 563 147 586 ad
163 565 245 593 partes
264 563 354 592 Anglie
372 563 484 587 celeriter
503 566 540 587 est
561 571 682 587 reversus*
729 564 795 587 Hinc
815 565 854 587 est
876 563 944 593 quod
963 565 1065 593 propter
1084 571 1179 586 novum

115 596 253 619 adventum
263 596 448 626 Archiepiscopi
460 599 484 619 et
498 596 716 620 Consecracionem
728 599 840 620 nostram
853 603 911 619 cum
921 595 1047 626 adjutorio
1056 595 1179 619 Altissimi

116 628 214 651 noviter
229 628 375 657 faciendam,
388 636 483 652 necnon
501 629 526 652 in
543 629 656 659 proximo
673 629 791 652 futurum
809 628 1007 652 Parliamentum
1022 628 1053 651 ad
1071 630 1179 652 vestram

115 661 266 691 presenciam
278 661 392 684 accedere
404 669 453 684 non
469 661 588 691 valentes,
601 664 710 685 vestram
723 664 835 685 sanctam
848 661 1029 684 Paternitatem
1044 661 1109 684 bona
1129 661 1178 684 fide

114 693 265 717 consulendo
289 701 412 724 rogamus,
436 696 462 717 et
484 695 593 724 rogando
617 694 770 718 consulimus
790 694 880 717 affectu
901 701 951 724 quo
971 701 1103 724 possumus
1125 701 1176 717 am-

115 726 193 756 pliori,
206 726 326 757 quatinus
338 726 434 750 dictum
448 727 597 757 Magistrum
611 727 759 756 Johannem,
772 727 817 757 qui
834 729 872 750 est
890 726 978 756 utique
996 726 1033 749 vir
1051 726 1135 750 valens
1153 731 1179 750 et

114 759 244 787 discretus,
257 759 377 789 vobisque
395 761 421 782 et
439 759 527 782 vestris
545 759 660 790 prodesse
678 760 772 790 poterit
789 762 840 783 tam
854 759 879 782 in
896 759 949 782 vita
963 767 1039 789 quam
1052 759 1078 782 in
1090 762 1178 788 morte,

115 791 196 814 velitis
219 792 251 815 ad
274 792 412 822 predictam
436 792 571 815 Ecclesiam
594 800 639 815 suo
664 792 772 822 periculo
796 794 938 823 presentare
960 791 1053 815 iterum
1080 791 1178 815 intuitu

114 823 236 847 karitatis.
281 825 315 848 Et
337 824 358 847 si
376 824 427 855 ipse
446 827 554 848 vestram
578 824 783 848 Dominacionem
805 825 831 848 in
853 824 936 855 aliquo
960 824 1092 847 offenderit
1114 827 1177 848 tem-

115 857 216 886 poribus
234 857 371 886 retroactis,
393 857 463 880 vobis
483 860 509 880 et
528 857 616 880 vestris
629 857 722 880 futuris
741 857 904 888 temporibus,
926 864 983 880 cum
1003 857 1088 881 debita
1107 857 1178 880 satis-

114 889 230 918 faccione,
242 897 287 920 pro
299 889 393 913 viribus
406 890 575 920 complacebit.
612 890 686 917 Scire,
701 890 784 919 eciam,
798 889 1009 913 certitudinaliter
1023 889 1083 913 velit
1096 892 1178 913 vestra

114 924 199 945 sancta
212 922 352 946 Paternitas
364 923 499 946 reverenda
516 923 583 953 quod
600 923 681 946 multa
697 923 744 946 alia
761 925 822 946 sunt
835 922 943 953 pericula
958 925 1035 952 atque
1047 923 1178 946 commoda

114 962 163 984 que
183 962 233 978 non
249 957 310 978 sunt
328 955 420 986 scripta
439 955 465 978 in
483 955 547 978 libro
566 955 619 982 hoe,
641 963 689 985 que
707 955 728 978 si
748 955 818 978 vobis
837 957 920 978 essent
940 955 1053 985 exposita
1069 955 1176 978 raciona-

113 987 196 1010 biliter
214 995 313 1011 movere
333 988 454 1011 deberent
474 988 505 1011 ad
528 987 675 1018 hujusmodi
698 988 909 1018 presentacionem
927 987 1074 1011 faciendam.
1111 988 1176 1018 Ipsa,

113 1021 205 1049 tamen,
225 1020 299 1043 alicui
317 1028 367 1044 non
385 1020 521 1043 scribemus
539 1028 584 1043 nec
602 1020 714 1044 dicemus
733 1020 804 1043 alteri
823 1028 898 1051 quam
917 1020 994 1049 vobis,
1016 1022 1061 1043 aut
1081 1020 1125 1043 uni
1145 1021 1177 1044 dc

112 1053 247 1082 nepotibus
265 1053 361 1081 vestris,
376 1053 492 1076 videlicet
510 1053 618 1076 Domino
636 1053 765 1083 Preposito
783 1053 821 1076 vel
839 1052 910 1076 fratri
927 1061 978 1076 suo.
1015 1053 1060 1076 Ille
1077 1053 1126 1081 Qui
1138 1055 1177 1076 est

114 1085 212 1108 Veritas
232 1087 258 1108 et
274 1093 348 1109 verus
368 1085 480 1116 cognitor
499 1088 651 1109 secretorum
672 1086 743 1109 novit
762 1086 829 1116 quod
851 1085 915 1108 bona
935 1085 991 1114 fide,
1017 1085 1086 1109 nullo
1115 1085 1177 1109 falso

113 1118 233 1147 admixtO,
246 1118 316 1141 vobis
333 1126 408 1149 snper
425 1118 473 1141 hiis
490 1118 621 1141 scribimus
639 1118 778 1142 veritatem.
813 1118 931 1147 Tantum,
944 1118 1029 1148 igitur,
1042 1126 1117 1148 super
1128 1118 1176 1141 hiis

111 1150 191 1174 facere
214 1150 275 1174 velit
297 1153 379 1174 vestra
403 1150 543 1174 Pateruitas
567 1151 614 1181 pia,
638 1151 752 1180 discreta,
771 1153 797 1174 et
819 1150 935 1179 liberaliS,
959 1150 1051 1174 nostris
1074 1151 1175 1174 consilio

113 1183 234 1213 precibus,
260 1185 286 1206 et
311 1191 401 1212 amore,
431 1185 467 1212 ut,
497 1183 603 1206 exclusis
628 1183 744 1206 omnibus
770 1183 893 1214 periculis,
918 1191 963 1206 nos
988 1183 1078 1206 vestris
1101 1183 1174 1206 bene-

112 1215 209 1246 placitis
227 1216 252 1239 in
273 1224 345 1239 causa
364 1215 484 1239 consimili
505 1216 608 1239 reddere
626 1216 726 1246 possitis
746 1216 826 1239 arcius
844 1216 1049 1246 obligatos-Ad
1065 1216 1175 1246 regimen

112 1248 221 1271 Ecclesie
233 1256 276 1272 vos
288 1251 417 1272 conservet
429 1248 574 1272 Altissimus
587 1256 630 1278 per
639 1251 752 1280 tempora
768 1256 884 1280 prospera
896 1250 921 1272 et
934 1248 1028 1279 prolixa
1037 1248 1175 1273 l—Datum

111 1281 178 1311 apud
192 1281 339 1305 Chudeham
352 1281 405 1312 xiiij
420 1281 460 1304 die
472 1281 565 1312 Aprilis
577 1289 582 1309 ;
604 1280 661 1305 ibid.

144 1330 227 1354 Litora
239 1330 330 1354 directa
343 1331 466 1361 Proposito
484 1329 599 1354 Wellensil
614 1339 649 1354 2—-

79 1364 130 1387 Suo
151 1364 280 1394 Preposito
297 1372 357 1387 suus
379 1363 481 1387 Electus
499 1363 524 1386 id
542 1364 609 1394 qnod
628 1363 682 1387 sibi,
686 1364 855 1387 —Scribimus
872 1363 953 1387 multa
968 1363 1075 1387 Domino
1092 1366 1174 1387 vestro

112 1396 234 1427 Episcopo
255 1404 299 1427 pro
315 1396 527 1427 represe11tacione
548 1397 579 1419 ad
600 1396 734 1419 Ecclesiam
755 1397 786 1420 de
807 1397 995 1420 C1istemelf01d
1016 1397 1047 1419 dc
1067 1396 1173 1420 discreto

109 1429 169 1458 vix-,0
182 1429 296 1452 Johanne
309 1429 339 1452 de
352 1429 485 1458 Bruetone,
499 1429 617 1452 facienda.
647 1429 681 1452 Et
694 1429 752 1459 quia
765 1429 890 1452 credimus
905 1429 989 1459 quod*
982 1437 1049 1459 ipson
1045 1430 1075 1453 ὃν
1072 1429 1164 1459 riptui·
1161 1438 1174 1452 ι

111 1448 180 1485 vobis
198 1461 313 1485 seriosius
330 1462 484 1489 ostendetur,
503 1462 556 1492 ipsa
573 1461 663 1485 iterato
681 1461 751 1485 vobis
772 1470 822 1485 non
840 1462 977 1490 scribimus,
995 1462 1058 1485 circa
1075 1462 1122 1485 alia
1142 1462 1173 1485 ad

110 1502 210 1524 presens
226 1494 364 1524 plurimum
377 1494 497 1524 occupati.
533 1494 584 1523 Set,
598 1494 656 1524 quia
677 1494 756 1524 ipsam
774 1494 1012 1525 representacionem
1030 1502 1074 1524 pro
1090 1494 1172 1523 cnjus-

110 1527 173 1550 libet
196 1527 277 1550 Partis
306 1527 418 1550 utilitate
449 1529 475 1550 et
503 1526 612 1550 vitandis
635 1527 739 1550 diversis
768 1527 883 1557 periculis
907 1527 971 1550 bona
994 1527 1042 1550 fide
1066 1527 1173 1550 corditer

109 1560 261 1588 affectamus,
274 1562 355 1583 vestre
368 1559 477 1582 amicicie
490 1567 574 1589 preces
586 1561 683 1582 nostras
701 1560 861 1588 effundimus,
874 1560 964 1582 affectu
977 1567 1027 1590 qno
1039 1567 1172 1590 possumus

109 1592 229 1622 ampliori,
243 1592 372 1623 quatinus,
384 1592 416 1615 ad
428 1592 575 1622 hujusmodi
588 1592 828 1622 representacionem
847 1592 1031 1622 impetrandam
1050 1592 1139 1621 velitis,
1153 1592 1172 1615 si

110 1625 194 1653 libeat,
213 1625 371 1655 interponere
390 1627 473 1655 partes
490 1627 600 1651 vestras;
619 1632 664 1648 nec
682 1624 806 1648 credimus
824 1633 853 1648 ex
871 1624 919 1648 hiis
935 1625 1049 1655 precibus
1065 1633 1108 1648 vos
1128 1627 1173 1648 aut

109 1657 258 1688 Magistrum
278 1657 409 1686 Thomam,
430 1657 534 1681 fratrem
553 1659 673 1685 vestrum,
694 1657 835 1688 aliqualiter
855 1657 986 1687 offendere,
1010 1665 1068 1681 eum
1091 1657 1172 1681 eidem

9 1736 18 1752 ¹
35 1738 88 1762 The
100 1738 262 1769 Provostship
276 1746 324 1761 was
336 1746 350 1761 a
366 1737 565 1768 Chapter-Office

41 1779 88 1794 —a
100 1771 199 1795 curicus
210 1779 257 1794 one
270 1778 276 1800 ;
294 1771 363 1794 older
378 1770 440 1794 than
458 1770 501 1794 the
513 1778 564 1794 em-

40 1803 171 1827 bodiment
193 1803 219 1827 of
239 1804 308 1827 Dean
331 1803 381 1827 and
405 1803 515 1833 Chapter
531 1803 565 1833 by

42 1836 135 1867 Bishop
163 1836 264 1865 Robert,
288 1844 307 1860 c.
333 1836 401 1860 1135.
454 1836 492 1859 He
515 1843 565 1859 was

42 1868 58 1882 “
67 1868 194 1892 Provost”
214 1869 240 1892 in
252 1869 295 1892 the
305 1868 426 1892 Manorial
438 1876 515 1897 sense,
525 1868 562 1892 i.e.

41 1901 85 1925 the
108 1901 181 1925 Head
203 1901 320 1932 Manager
343 1901 369 1924 of
396 1901 440 1924 the
463 1901 564 1924 Estates

41 1934 122 1957 which
134 1934 178 1957 the
190 1934 283 1964 Bishop
295 1934 354 1957 held
366 1933 404 1956 for
415 1933 459 1957 the
473 1933 565 1956 benefit

43 1966 69 1990 of
77 1966 121 1990 the
127 1966 231 1990 Canons.
251 1967 325 1990 From
335 1967 396 1990 1135
405 1965 448 1989 the
454 1965 564 1996 Chapter

43 1999 209 2063 ῗῑῖἶῖἱῖᾓῖξῗ
221 1999 564 2062 ἓξὲΠοῗὶἓΡῖἒῖζὴιὲι-Ἱῖιῗῖῒ

445 2050 450 2054 .
514 2049 520 2060 ,
538 2047 555 2054 ι.

42 2063 85 2087 the
98 2064 184 2087 Manor
194 2064 220 2087 of
233 2064 327 2088 Combe
339 2072 388 2087 was
400 2063 453 2087 rich
466 2063 564 2094 enough

42 2098 69 2119 to
81 2097 202 2120 maim-ain
213 2097 298 2126 fifteen
316 2096 502 2125 Prehendaries,
515 2096 564 2119 and

43 2136 92 2153 was
105 2137 136 2153 an
150 2129 229 2153 entire
243 2137 336 2160 corpus,
346 2129 366 2153 it
379 2129 474 2153 needed
486 2137 500 2152 a
509 2129 567 2152 Pro-

650 1739 707 1760 vost
724 1739 750 1760 to
767 1745 871 1768 manage
889 1737 917 1765 it,
929 1737 977 1760 and
996 1739 1023 1760 to
1041 1737 1172 1768 apportion

650 1770 782 1793 dividends
792 1772 818 1793 to
828 1770 871 1793 the
881 1770 975 1793 fifteen.
1004 1770 1057 1793 The
1067 1770 1173 1793 Provost

650 1802 750 1826 became
773 1802 903 1826 “Provost
921 1803 947 1826 of
968 1802 1061 1827 Combe
1071 1803 1097 1831 ”3
1121 1803 1171 1826 and

649 1835 680 1858 he
698 1843 747 1858 was
763 1843 777 1858 a
791 1834 929 1863 sinecurist‚
944 1835 1015 1859 rated
1031 1837 1057 1858 at
1075 1836 1127 1858 540
1146 1835 1171 1858 in

650 1868 717 1898 Pope
735 1867 860 1891 Nicholas’
879 1867 958 1897 Valor,
971 1868 1020 1891 and
1033 1870 1060 1891 at
1077 1869 1128 1891 AE63
1145 1867 1170 1891 in

649 1900 693 1923 the
729 1900 800 1923 Γαῖον
826 1900 852 1924 of
886 1901 963 1923 Henr.
991 1900 1062 1923 VIII.
1097 1900 1171 1923 After

648 1933 692 1956 the
709 1933 831 1956 accession
848 1933 875 1956 of
890 1933 960 1956 Edw.
978 1933 1022 1956 VI.
1039 1933 1082 1956 the
1094 1933 1170 1956 emol-

648 1968 749 1989 uments
772 1966 798 1988 of
814 1965 858 1989 the
877 1966 953 1989 Office
971 1973 1034 1989 were
1053 1965 1115 1988 used
1133 1965 1171 1988 for

648 1998 692 2021 the
712 1998 909 2021 re-endowment
925 1998 951 2021 of
968 1997 1012 2021 the
1032 1998 1171 2028 plundered

649 2030 771 2061 Deanery.
807 2030 818 2053 Ι
836 2038 877 2053 am
894 2030 1013 2054 indebted
1034 2032 1060 2053 to
1078 2030 1171 2060 Bishop

649 2063 793 2092 Hobhouse,
807 2071 862 2086 now
874 2063 985 2086 resident
996 2063 1022 2086 in
1036 2062 1119 2092 Wells
1132 2062 1171 2086 for

649 2096 718 2119 these
729 2096 877 2126 interesting
889 2096 1043 2126 particulars.
