1328 2295
97 161 170 198 352

288 173 363 199 'nm
387 173 571 200 REGISTER
596 173 645 199 OF
669 172 810 199 BISHOP
835 171 1067 198 STAPELDON.

189 248 300 279 Domino,
313 250 428 280 vobisque
438 257 481 279 per
491 250 630 279 Apostolica
640 249 733 279 Scripta
744 249 894 276 mandamus,
907 248 1021 278 quatinus
1035 254 1078 270 vos
1095 247 1124 270 ad
1135 247 1217 276 Regna
1232 247 1257 269 et

189 278 272 302 Partes
282 280 390 309 predicta
400 280 555 309 personaliter
565 280 699 307 conferatis,
712 286 755 307 pro
772 279 940 301 reformacione
952 278 1019 300 Pacis
1037 277 1144 306 ejusdem
1161 283 1256 310 operam

188 308 312 338 efficacem,
323 310 395 338 juxta
406 310 486 332 datam
497 309 565 332 vobis
576 316 590 331 a
600 309 651 331 Deo
662 309 823 338 prudenciam,
832 308 971 337 impensuri.
1006 308 1042 335 Et,
1058 308 1085 329 ut
1095 314 1123 329 eo
1133 307 1222 340 utilius·
1230 313 1256 340 ¹3¹

190 338 253 361 dicte
270 339 337 362 Pacis
356 339 481 368 procedere
497 339 594 368 negocio
611 339 711 361 valeatis
729 345 777 367 quo
795 338 880 366 majori
898 337 991 359 fueritis
1002 337 1144 359 aucton'tate
1158 337 1254 364 muniti,

190 367 267 391 dictos
274 369 362 398 Regem
374 370 398 391 et
405 369 524 397 Nobilem,
534 370 558 391 et
568 369 674 397 ipsorum
684 368 823 397 quemlibet,
833 374 860 389 ac
871 369 952 395 gentes
960 368 984 389 et
993 366 1110 389 exercitus
1119 365 1255 393 eorundem,

190 404 219 420 ne
237 398 296 421 alter
312 399 422 427 alterurn,
435 400 478 420 aut
494 398 601 427 ipsorum
613 398 700 427 aliquis
717 397 816 419 alten'us
826 398 901 419 terras
912 397 1016 424 invadat,
1029 396 1067 418 vel
1078 402 1174 424 quoquo
1185 394 1257 417 niodo

190 427 253 450 inter
263 435 287 450 se
298 428 481 457 congrediantur
490 427 624 456 hostiliter;
642 429 678 449 set
689 427 772 456 pocius
783 434 797 448 a
807 426 915 455 quolibet
930 426 1013 448 hostili
1023 432 1134 454 processu
1145 424 1258 458 studeant

190 457 317 480 abstinere.
361 458 458 480 Necnon
475 457 602 485 tractandi,
622 457 731 485 faciendi,
751 457 775 478 et
791 456 935 478 reformandi
952 457 1094 484 perpetuam
1112 456 1136 477 et
1155 454 1257 476 solidam

191 486 276 509 Pacem
287 488 311 510 et
327 487 477 509 concordiam
493 487 556 509 inter
571 493 618 515 eos,
631 487 755 515 ipsamque
766 492 808 514 per
819 485 960 514 Spirituales
971 491 1043 514 penas
1055 486 1078 507 et
1089 484 1220 506 sentencias
1232 485 1256 506 et

190 523 353 546 quascumque
363 517 539 545 permissiones,
552 516 718 545 obligaciones,
731 517 755 537 et
762 516 954 543 juramentorum
967 514 1126 543 prestaciones
1137 513 1256 542 firmandi,

191 546 303 574 vallandi,
316 547 340 568 et
355 546 430 568 eciam
440 546 576 574 roborandi,
589 548 613 567 et
630 545 772 574 disponendi
788 551 869 566 omnes
880 544 1045 573 obligaciones,
1058 544 1125 572 ligas,
1138 543 1257 576 confeder-

191 576 291 604 acioneS,
300 576 430 604 pacciones,
442 576 466 598 et
473 575 649 603 convenciones,
658 575 720 597 inter
730 581 893 603 quoscumque
904 574 986 602 factas,
1000 574 1074 595 eciam
1085 574 1105 595 si
1113 574 1257 601 juramentis

190 606 269 627 essent
287 605 325 627 vel
359 605 547 633 remissionibus,
565 611 607 627 seu
624 611 739 633 penarum
757 603 940 633 adjeccionibus,
953 604 997 625 aut
1014 602 1202 631 obligacionibus
1219 602 1258 624 vel

190 634 344 663 stipulacioni
362 641 390 657 us
407 634 599 663 quibuscumque
616 634 710 662 vallate,
732 641 758 656 ac
780 633 902 655 obstacula
918 635 942 655 et
959 633 1132 661 impedimenta
1149 631 1256 661 quelibet

189 664 327 686 removendi
345 671 387 693 per
408 671 454 693 que
477 664 616 692 hujusmodi
633 664 771 685 reformacio
790 663 858 685 Pacis
874 665 956 691 posset
975 662 1086 691 impediri
1103 661 1141 684 vel
1158 668 1256 690 quomo-

190 693 282 716 dolibet
291 694 421 721 retardari,
437 695 462 716 et
472 693 642 715 nichilominus
655 693 790 721 juramenta
806 693 830 714 in
846 692 917 714 dictis
929 692 1123 720 obligacionibus,
1137 691 1256 713 confeder-

188 723 319 751 acionibus,
332 723 493 752 paccionibus,
507 725 531 745 et
547 723 745 745 convencionibus
763 723 855 750 adjecta
866 722 966 744 forsitan
981 721 1104 743 relaxandi
1114 728 1119 748 ;
1131 720 1254 743 statuendi

188 759 292 782 quoque,
306 753 438 781 ordinandi,
451 752 599 781 providendi,
618 752 766 781 disponendi,
785 752 902 779 firmandi,
921 753 945 773 et
959 751 1101 780 paciscendi,
1119 757 1190 779 super
1208 750 1255 772 hiis

188 789 234 811 que
252 783 314 805 circa
332 782 525 804 reformacionem
543 782 606 804 dicte
624 782 692 804 Pacis
709 782 816 803 videritis
835 781 957 809 expediri3
982 781 1106 809 dictosque
1125 780 1213 809 Regem
1231 781 1255 802 et

188 811 301 834 Nobilem
312 812 343 834 ad
359 812 548 834 observacionem
561 812 627 833 Pacis
644 812 721 839 ipsius
738 818 780 840 per
790 810 1050 833 Excommunicacionis
1061 811 1085 832 in
1096 816 1216 839 personas,
1230 810 1254 831 et

188 841 314 863 Interdicti
325 841 461 864 Sentencias
477 841 502 863 in
514 841 594 870 Regna
612 842 635 863 et
648 841 729 862 Partes
745 841 859 869 predicta,
881 840 1015 869 provincias
1032 841 1056 862 et
1071 841 1154 868 terras,
1177 840 1255 861 castra

187 872 212 893 et
228 871 280 892 loca
297 871 412 899 ipsorum,
436 872 460 893 et
478 871 638 899 privacionem
657 871 764 892 omnium
783 870 971 899 Privilegiorum,
991 869 1207 898 Indulgenciarum,
1228 869 1252 891 et

188 900 334 929 Graciarum,
344 900 385 928 eis,
395 900 439 922 sub
450 907 600 929 quacumque
611 900 687 922 forma
698 900 832 928 verborum,
841 906 1005 921 concessorum
1017 906 1030 921 a
1039 899 1098 921 Sede
1106 898 1253 927 Apostolica,

187 930 208 952 si
219 931 243 952 et
253 931 326 958 prout
334 929 445 958 expedire
452 930 567 957 videritis,
580 929 737 958 compellendi
747 937 751 957 ;
762 929 914 956 convocandi,
928 929 1009 957 eciam,
1020 928 1051 951 ad
1061 930 1152 950 certum
1163 929 1251 957 locum,

187 966 229 981 seu
240 959 298 987 loca,
312 966 475 988 quascumque
486 959 601 981 Personas
610 959 786 981 Ecclesiasticas
797 959 835 980 vel
843 959 972 986 Seculares,
983 958 1155 987 cujuscumque
1165 959 1253 986 status,

187 988 284 1017 ordinis,
304 989 435 1018 dignitatis,
454 989 492 1011 vel
510 989 655 1010 condicionis
674 989 785 1016 existant,
806 995 865 1017 quas
883 995 926 1017 pro
945 988 1052 1017 ejusdem
1070 988 1138 1010 Pacis
1156 988 1253 1016 negocio

186 1018 329 1040 necessarias
340 1018 377 1040 vel
393 1018 465 1040 utiles
483 1019 525 1040 aut
541 1020 670 1047 oportunas
686 1019 736 1040 sore
752 1018 882 1046 noveritis3
899 1020 930 1045 et,
944 1018 1048 1047 insuper,
1062 1017 1199 1039 excercendi
1210 1024 1253 1046 per

185 1054 228 1070 vos
244 1048 283 1070 vel
300 1048 374 1070 alium
393 1054 436 1070 seu
452 1048 511 1070 alios
530 1048 555 1070 in
571 1055 652 1069 omnes
663 1048 861 1077 Archiepiscopos
878 1049 902 1069 et
914 1048 1050 1076 Episcopos,
1064 1047 1138 1069 eciam
1149 1047 1169 1069 si
1179 1047 1253 1069 iidem

186 1077 368 1106 Archiepiscopi
384 1078 422 1099 vel
440 1077 527 1106 aliquis
544 1077 671 1099 eorundem
691 1078 806 1100 Primacie
823 1077 947 1106 Dignitate
961 1077 1081 1106 fulgerent
1091 1083 1141 1105 seu,
1159 1077 1253 1099 racione

186 1113 283 1129 suarum
295 1107 461 1135 Ecclesiarum,
475 1107 611 1135 Legacionis
622 1107 698 1129 Officii
712 1107 874 1136 fungerentur,
887 1108 911 1129 et
922 1107 947 1128 in
958 1113 1038 1129 omnes
1054 1106 1113 1128 alios
1124 1106 1253 1129 Cathedra-

186 1136 248 1158 lium
269 1138 293 1159 et
309 1137 409 1158 aliarum
428 1137 595 1164 Ecclesiamm,
616 1137 763 1159 Secularium
786 1138 810 1159 et
827 1136 989 1165 Regularium,
1011 1136 1210 1158 Monasteriorum
1227 1137 1252 1159 et

186 1166 327 1194 Domorum,
347 1168 513 1195 exemptorum
529 1168 552 1188 et
566 1173 613 1188 non
624 1168 798 1195 eexmptorum,
812 1166 926 1194 prelatos,
940 1166 1059 1194 Capitula,
1072 1167 1096 1188 et
1108 1165 1252 1195 Conventus,

186 1197 210 1218 et
219 1195 277 1217 alias
288 1195 403 1218 Personas
414 1196 591 1218 Ecclesiasticas
602 1204 607 1224 3
620 1203 710 1218 necnon
726 1197 751 1218 in
768 1202 848 1218 omues
866 1197 890 1217 et
905 1196 1011 1224 singulos
1021 1195 1107 1223 Duces,
1121 1195 1250 1224 Principes,

185 1224 343 1253 Marciuones,
362 1225 474 1253 Comites,
492 1226 604 1254 Barones,
622 1227 646 1247 et
663 1226 769 1254 Nobiles,
787 1226 907 1253 Hectores,
925 1225 1077 1253 Senescallos,
1090 1225 1251 1254 Justiciarios,

185 1254 299 1282 Banivos,
323 1254 444 1283 Scabinos,
468 1255 622 1283 Castellanos,
647 1255 771 1283 Officiales,
794 1257 818 1277 et
844 1255 941 1284 quosvis
966 1255 1081 1277 Dominos
1102 1254 1253 1284 Temporales

185 1291 336 1313 quocumque
357 1284 452 1306 nomine
474 1287 628 1311 censeantur;
652 1285 756 1307 Consilia
777 1285 850 1307 eciam
868 1285 1010 1313 communia,
1031 1284 1205 1307 Universitates
1224 1291 1252 1307 ac

185 1313 298 1342 Populos,
312 1315 335 1336 et
352 1321 513 1343 quascumque
532 1314 590 1336 alias
605 1314 719 1336 Personas
736 1315 863 1341 Seculares,
877 1314 986 1343 publicas
1005 1315 1029 1336 et
1047 1315 1160 1343 privatas,
1173 1315 1252 1343 cujus-

186 1350 288 1372 cumque
305 1344 391 1372 status,
404 1343 535 1372 dignitatis,
549 1344 587 1366 vel
603 1344 747 1366 condicionis
759 1344 871 1372 existant,
883 1344 925 1372 qui
936 1344 1020 1366 vestris
1036 1344 1173 1373 supradicte
1184 1344 1252 1367 Pacis

185 1373 283 1401 negocio
303 1380 385 1401 parere
406 1373 592 1402 contempserint
612 1374 710 1396 monitis
728 1377 752 1396 et
769 1374 895 1401 mandatiS,
914 1375 957 1396 aut
978 1374 1020 1396 alii
1037 1374 1062 1396 in
1082 1374 1178 1402 negocio
1199 1374 1252 1403 ipso

185 1402 371 1425 contradictores
381 1403 419 1424 vel
430 1403 584 1431 impeditores
595 1405 637 1425 aut
648 1404 784 1425 turbatores
797 1404 859 1426 dicte
872 1403 939 1425 Pacis
950 1404 1074 1426 extiterint
1089 1410 1131 1425 seu
1142 1404 1249 1432 rebelles,

184 1432 280 1460 publice
301 1432 339 1454 vel
358 1432 457 1460 occulte,
481 1432 610 1454 Censuram
628 1433 817 1455 Ecclesiasticam
843 1433 974 1462 exercendi,
997 1433 1151 1462 ipsorumque
1176 1435 1251 1456 terras

184 1461 328 1490 subjiciendi
344 1461 509 1484 Ecclesiastico
521 1462 660 1490 Interdicto,
673 1465 697 1485 et
713 1463 823 1491 privandi
839 1469 878 1485 eas
894 1463 1004 1485 omnibus
1016 1463 1156 1491 Privilegiis,
1169 1463 1250 1485 Indul-

184 1491 280 1519 genciis,
293 1491 392 1519 Graciis,
405 1491 576 1519 Libertatibus,
590 1494 613 1514 et
632 1492 839 1520 immunitatibus,
852 1491 955 1515 realibus
971 1494 995 1515 et
1006 1493 1179 1522 personalibus,
1192 1493 1226 1515 eis
1237 1500 1252 1515 a

184 1520 249 1542 dicta
266 1521 326 1542 Sede
345 1521 469 1549 concessis,
487 1528 514 1543 ac
528 1521 611 1549 feodis,
627 1522 731 1550 juribus,
741 1522 959 1551 jurisdiccionibus,
972 1523 1110 1551 honoribus,
1124 1522 1214 1550 officiis,
1227 1524 1252 1545 et

184 1550 375 1579 quibuscumque
386 1550 463 1578 bonis,
472 1557 517 1579 que
529 1558 542 1572 a
551 1551 656 1573 Romana
668 1553 691 1573 et
698 1552 823 1580 quibusvis
834 1552 887 1574 aliis
897 1554 979 1575 tenent
988 1552 1099 1575 Ecclesiis
1110 1560 1115 1580 ;
1127 1552 1249 1581 vassallos,

184 1579 302 1608 subditos,
313 1581 336 1602 et
346 1580 453 1602 homines
462 1580 598 1608 eorundem,
609 1588 635 1602 ac
643 1581 779 1609 juramento
788 1582 911 1605 fidelitatis
918 1583 941 1604 et
949 1589 1098 1611 quacumque
1105 1582 1252 1611 obligacione

184 1609 273 1638 quibus
284 1611 397 1632 tenentur
413 1609 509 1638 eisdem,
523 1610 668 1638 absolvendi,
682 1618 708 1633 ac
725 1611 838 1633 reddendi
855 1619 894 1635 eos
910 1612 1065 1640 intestabiles,
1078 1612 1113 1634 ita
1128 1612 1193 1641 quod
1207 1618 1251 1634 nec

184 1639 284 1661 condere
294 1640 464 1661 testamentum
476 1646 518 1661 nec
530 1639 560 1661 ad
572 1640 713 1669 cujusquam
725 1647 754 1662 ex
765 1642 917 1670 testamento,
930 1642 967 1663 vel
983 1641 1013 1664 ab
1024 1641 1146 1670 intestato,
1158 1642 1253 1670 possint

185 1668 357 1690 successionem
378 1669 492 1696 admitti3
509 1669 621 1698 ipsosque
642 1670 755 1692 reddendi
776 1670 894 1694 inhabiles
915 1672 939 1693 et
959 1671 1069 1700 indignos
1090 1671 1120 1693 ad
1140 1672 1248 1700 honores,

184 1699 270 1726 status,
283 1699 308 1720 et
323 1698 429 1727 quelibet
441 1698 522 1721 Officia
533 1699 630 1727 publica
645 1700 793 1728 inposterum
809 1701 939 1730 optinenda
950 1701 987 1723 vel
1003 1701 1077 1723 eciam
1093 1701 1249 1729 excercenda3

183 1728 215 1756 et,
227 1728 326 1756 insuper
336 1728 535 1756 Archiepiscopos
551 1730 575 1751 et
586 1729 717 1758 Episcopos
732 1730 865 1753 antedictos
881 1731 911 1753 ab
922 1730 1138 1753 Administracione
1150 1730 1251 1759 Spiritu-

183 1757 257 1779 alium
269 1762 293 1779 et
300 1758 477 1786 Temporalium
486 1758 645 1780 Ecclesiarum
657 1766 754 1781 suarum
766 1761 933 1789 suspendendi,
944 1762 968 1782 et
979 1760 1069 1782 citandi
1081 1760 1248 1789 peremptorie,

184 1787 204 1809 si
215 1787 323 1809 videritis
334 1787 453 1816 expedire,
466 1788 531 1816 quod
543 1795 575 1815 se,
588 1790 652 1810 certo
669 1789 702 1810 eis
719 1791 865 1818 competenti
881 1790 983 1812 termino
1000 1790 1143 1819 prefigendo,
1155 1796 1250 1819 person-

184 1816 254 1838 aliter
271 1817 409 1845 Apostolice
430 1816 498 1839 Sedis
520 1818 657 1846 conspectui
678 1820 847 1847 representent,
870 1820 957 1842 nostris
978 1820 1002 1842 et
1023 1819 1161 1848 Apostolice
1182 1819 1249 1842 Sedis

182 1846 302 1868 mandatis
311 1847 335 1868 et
342 1846 496 1875 beneplacitis
507 1847 609 1875 parituri
617 1855 622 1875 ;
636 1855 661 1870 ac
670 1847 783 1876 Prelatos,
794 1849 905 1877 Clericos,
919 1851 943 1871 et
949 1849 1064 1871 Personas
1073 1849 1249 1871 Ecclesiasticas

182 1876 338 1904 supradictas,
359 1876 447 1898 eisdem
466 1876 657 1906 Archiepiscopis
675 1879 699 1899 et
720 1878 844 1907 Episcopis
860 1879 987 1901 dumtaxat
1005 1879 1118 1907 exceptis,
1138 1878 1248 1901 omnibus

183 1905 320 1934 Prelaturis,
346 1906 518 1934 Dignitatibus,
542 1906 720 1935 personatibus,
743 1907 839 1936 Officiis,
862 1908 1119 1931 Administracionibns
1145 1910 1169 1931 et
1195 1908 1248 1931 aliis

181 1934 306 1957 Beneficiis
327 1935 507 1963 Ecclesiasticis,
531 1943 582 1958 cum
606 1943 662 1958 cura
687 1937 724 1959 vel
751 1937 800 1959 sine
821 1945 884 1966 cura,
902 1945 948 1967 que
964 1938 1110 1967 ubicumque
1128 1938 1245 1967 optinent,

182 1964 300 1992 privandi,
313 1966 337 1986 et
355 1971 389 1993 ea,
408 1972 461 1987 cum
479 1965 660 1994 interposicione
681 1966 784 1995 Decreti,
802 1968 937 1990 reservandi
957 1968 1111 1997 disposicioni
1128 1969 1207 1990 nostre
1222 1969 1247 1990 et

182 1993 250 2016 Sedis
261 1994 375 2022 ejusdem,
388 1994 500 2023 ipsosque
516 1995 546 2016 ad
562 1995 610 2023 illa,
624 1998 648 2018 et
665 1996 737 2018 eciam
749 1996 810 2018 filios
826 2004 1030 2026 quarumcumque
1042 1997 1205 2025 Personarum,
1218 1997 1247 2019 de

182 2023 270 2052 quibus
287 2024 355 2045 vobis
374 2024 495 2046 videbitur
506 2025 623 2053 expedire,
637 2025 751 2047 reddendi
768 2026 884 2049 inhabiles
902 2029 926 2049 et
943 2027 1052 2056 indignos
1069 2027 1098 2049 ad
1117 2027 1204 2049 similia
1225 2027 1249 2049 et

183 2052 289 2081 quelibet
304 2053 351 2075 alia
362 2053 526 2076 Ecclesiastico
538 2054 655 2077 Beneficia
671 2056 808 2084 optinenda,
815 2057 845 2078 'et
861 2057 940 2079 omnia
951 2057 997 2079 alia
1008 2058 1032 2078 et
1042 2056 1136 2085 singula
1146 2056 1247 2079 faciendi

182 2084 206 2104 et
217 2082 349 2111 exequendi
364 2089 407 2111 per
421 2090 467 2111 que
483 2084 607 2112 negocium
618 2084 686 2107 Pacis
702 2085 809 2113 ejusdem
825 2086 972 2109 commodius
983 2086 1061 2108 valeat
1071 2086 1246 2114 consummari3

180 2118 228 2134 non
245 2112 397 2135 obstantibus
415 2113 437 2135 si
447 2113 639 2143 Archiepiscopis
653 2116 677 2137 et
694 2114 817 2144 Episcopis
834 2116 858 2138 et
873 2116 982 2145 Prelatis,
995 2122 1022 2139 ac
1039 2116 1098 2145 Regi
1113 2117 1138 2139 et
1153 2115 1244 2144 Nobili,
