1328 2295
100 152 145 188 68

104 674 135 693 01.
146 664 188 693 16¹³.

274 164 349 190 THE
376 164 561 192 REGISTER
587 165 636 191 OF
662 165 803 192 BISHOP
830 165 1066 192 STAPELDON.

196 241 303 266 dredum
323 243 465 274 predictum
484 243 516 267 de
538 242 680 267 Boseham.1
714 243 817 273 Dicunt,
835 244 920 273 eciam,
938 244 1008 275 quod
1030 244 1098 268 idem
1121 243 1261 274 Episcopus

197 274 275 299 habet
291 275 317 299 in
333 276 521 307 Westyngtone,
538 276 607 307 quod
622 278 660 300 est
677 276 820 300 membrum
834 277 941 308 predicti
955 277 1060 301 Manerii
1077 278 1109 301 de
1127 276 1260 305 Chidham,

198 308 320 338 quosdam
332 316 421 339 parvos
436 310 559 338 tenentes,
572 316 680 339 quorum
695 309 802 339 quilibet
815 311 887 333 tenet
901 312 953 333 tres
969 318 1036 333 acras
1053 312 1119 333 terre
1132 317 1138 338 ;
1155 311 1182 333 et
1199 310 1260 332 sunt

197 348 243 370 pro
258 340 352 364 eisdem
368 341 514 364 tenentibus
532 341 636 371 operarii
653 341 787 370 officinarii,
806 341 872 365 sicut
886 342 1005 371 messarii,
1024 342 1134 372 bercan‘i,
1147 341 1259 373 porcarii,

198 373 364 403 trituratores,
383 375 410 397 et
426 373 581 404 hujusmodi.
616 374 652 397 Et
668 374 757 397 dicunt
774 375 843 404 quod
862 374 905 398 isti
922 375 992 405 parvi
1009 377 1125 399 tenentes
1145 374 1259 403 veniunt,

197 405 236 429 bis
249 413 293 436 per
304 413 406 434 annum,
419 414 502 430 coram
514 406 610 429 Ballivo
621 406 701 437 ipsius
713 406 837 437 Episcopi,
849 407 881 430 de
899 407 1031 437 Chidham,
1044 408 1076 431 ad
1088 408 1172 431 visum
1183 414 1259 430 suum

198 438 345 468 tenendum,
358 438 453 462 scilicet
464 441 521 469 post
532 438 634 468 Pascha,
647 440 673 462 et
684 441 742 469 post
759 439 863 463 Festum
880 440 965 463 Sancti
980 440 1115 470 Michaelis,
1128 442 1154 463 et
1165 439 1259 463 ibidem

199 478 244 501 per
260 471 438 495 decennarium
455 479 531 495 suum
553 473 699 502 presentant
718 479 748 495 ea
767 479 816 502 que
836 473 1002 502 presentauda
1018 476 1098 501 sunt;
1117 475 1143 496 et
1166 472 1259 496 ibidem

200 510 284 527 coram
300 503 396 527 Ballivo
413 503 456 527 illo
473 504 504 527 de
522 504 758 535 transgressionibus
774 504 802 528 in
818 504 875 528 visu
891 505 934 528 illo
956 505 1066 529 inventis
1084 505 1151 529 fiunt
1168 512 1260 528 correc-

199 536 289 560 ciones.
324 535 432 565 Quesiti2‘
443 536 465 560 si
476 536 604 567 predictus
615 536 739 566 Warinus,
749 538 775 560 et
786 536 828 560 alii
839 537 909 568 parvi
920 539 1036 561 tenentes
1047 538 1125 569 ipsius
1137 537 1260 568 Episcopi,

201 569 233 592 de
261 569 453 600 Westyngtone,
481 569 564 593 factus
598 569 632 592 sit
660 577 704 600 per
732 569 857 593 Ballivum
885 570 963 601 ipsius
992 570 1115 602 Episcopi,
1138 572 1184 593 aut
1217 577 1262 600 per

202 601 350 625 eleccionem
382 609 516 632 parvorum
538 601 684 625 tenencium
710 602 886 633 predictorum,
908 603 997 626 dicunt
1019 611 1064 634 per
1092 603 1262 632 eleccionem;

202 634 239 658 ita
254 635 323 665 quod
339 641 416 665 quam
432 634 482 658 cito
499 634 589 665 aliquis
609 634 703 658 electus
720 634 798 658 fuerit
815 635 841 659 in
857 636 1035 659 decennarium
1051 643 1082 659 ex
1101 635 1180 659 officio
1196 637 1262 659 terre

203 674 248 690 sue
273 667 415 697 pertinente
440 667 516 691 debet
544 675 597 691 esse
624 667 787 691 decennarius
815 670 842 691 et
869 676 970 692 messor.
1020 668 1055 692 Et
1082 668 1146 692 bene
1173 668 1263 691 dicunt

202 700 271 730 quod
282 699 350 723 idem
368 700 506 730 Episcopus
523 702 549 723 et
566 700 753 724 Predecessores
768 700 808 724 sui
821 700 868 724 hac
885 701 971 724 eadem
984 701 1100 725 libertate
1111 701 1137 724 in
1150 700 1262 731 predicto

202 732 339 756 hameletto
357 732 388 756 de
405 733 588 763 Westyngtone
605 732 644 756 usi
661 735 722 756 sunt
739 741 754 756 a
773 735 886 764 tempore
904 741 954 764 quo
974 741 1025 757 non
1045 736 1117 757 extat
1133 733 1259 757 memoria.

203 765 239 789 Et
260 765 320 796 quia
342 773 373 789 ex
392 765 519 789 veredicto
539 765 589 789 isto
608 765 724 796 sequitur
746 766 815 796 quod
832 766 960 797 predictus
978 766 1067 790 Comes
1084 766 1180 797 injuste
1197 766 1264 796 oepit

202 797 285 821 averia
311 797 430 829 predicta,
453 798 639 822 consideratum
664 800 703 822 est
727 798 795 829 quod
820 799 947 829 predictus
975 799 1114 830 Episcopus
1135 800 1265 827 recuperet

203 830 313 860 dampna
328 838 373 854 sua
390 838 440 861 que
456 833 577 854 taxantur
593 831 625 854 ad
642 831 706 854 duos
723 831 825 855 solidos:
842 834 869 855 et
885 832 1012 862 predictus
1027 832 1116 856 Comes
1131 832 1157 855 in
1171 831 1264 855 miseri-

202 863 292 887 cordia.
328 863 432 894 [Bishop
450 863 605 887 Grandisson
622 863 667 887 has
684 863 786 887 written
803 872 836 887 on
853 864 897 888 the
914 864 1011 895 margin
1030 864 1082 894 (fol.
1103 863 1184 894 138b)‚
1203 864 1217 875 ‘¹
1227 864 1265 887 De

203 895 326 919 Boseham
338 898 364 920 et
377 896 518 925 Chudham,
528 898 616 920 contra
628 896 753 920 Comitem
765 896 973 927 Marescallum.'']

171 928 329 952 —Miserunt
346 929 423 952 eciam
440 936 524 952 coram
541 929 608 959 Rege
626 928 728 953 Cartam
743 929 846 953 Domini
862 929 964 953 Henrici
982 930 1063 961 Regis,
1080 930 1106 953 in
1124 929 1169 953 hec
1183 929 1263 953 verba.

204 961 295 991 [There
307 961 327 985 is
339 969 354 985 a
365 969 428 992 copy
440 961 466 985 of
483 961 535 985 this
548 961 654 985 Charter
666 961 691 985 in
707 961 801 993 Bishop
818 962 1021 986 Bronescombe's
1038 962 1159 993 Register,
1168 962 1210 986 fol.
1227 962 1264 985 10.

203 993 277 1018 —See
286 994 339 1018 Vol.
353 994 451 1025 I.,page
464 994 513 1024 33].

174 1026 208 1050 Et
230 1027 305 1050 modo
327 1027 397 1050 venit
420 1027 503 1050 Adam
523 1027 554 1050 de
578 1026 714 1058 Fyncham,
737 1027 782 1058 qui
804 1027 919 1058 sequitur
941 1035 986 1058 pro
1010 1027 1118 1051 Domino
1141 1027 1215 1058 Rege,
1239 1028 1265 1050 et

108 1688 148 1709 fol.
161 1695 190 1713 17.

205 1059 333 1090 predictus
350 1059 469 1090 Magister
490 1059 616 1083 Robertus
634 1059 836 1090 Archidiaconus,
854 1062 880 1084 et
903 1060 980 1084 eciam
1000 1060 1056 1091 ejus
1079 1059 1204 1090 OfficialiS,
1222 1067 1266 1091 per

206 1094 365 1116 attor-natum
380 1100 456 1116 suum
471 1094 601 1116 venerunt.
638 1092 672 1116 Et
689 1092 817 1123 predictus
834 1093 916 1116 Adam
933 1093 998 1124 petit
1010 1093 1078 1123 quod
1091 1101 1121 1116 ex
1133 1100 1183 1124 quo
1195 1095 1266 1116 tante

207 1125 334 1148 evidencie
354 1124 394 1149 hic
415 1133 460 1156 pro
478 1125 588 1148 Domino
606 1125 673 1155 Rege
690 1126 867 1155 ostenduntur,
886 1128 912 1149 et
929 1134 973 1156 per
989 1134 1052 1156 quas
1069 1126 1164 1156 liquere
1182 1127 1266 1156 potest

207 1157 282 1181 Curie
294 1158 387 1181 dictam
400 1157 528 1188 Capellam
544 1165 597 1181 esse
612 1157 737 1187 Liberam,
750 1158 818 1189 quod
834 1158 882 1188 ipsi
897 1159 1064 1189 respondeant
1080 1158 1188 1182 Domino
1206 1158 1266 1188 Regi

206 1194 294 1214 utrum
313 1190 413 1221 Capella
428 1190 540 1221 predicta
557 1190 591 1214 sit
608 1190 698 1214 Libera
715 1198 799 1214 necne.
835 1191 870 1214 Et
882 1191 986 1222 predicti
999 1191 1118 1222 Magister
1133 1191 1265 1218 Robertus.

206 1223 410 1252 Archidiaconus,
429 1225 456 1247 et
473 1223 599 1247 Robertus
619 1223 708 1247 dicunt
730 1224 799 1254 quod
819 1224 851 1247 ad
869 1223 916 1247 hoc
935 1232 985 1247 non
1004 1224 1099 1247 habent
1118 1231 1217 1247 necesse
1234 1223 1266 1247 ad

205 1263 305 1286 presens
322 1256 479 1286 respondere,
497 1256 545 1279 nisi
561 1256 739 1280 tantummodo
756 1257 789 1280 ad
808 1257 980 1280 excusandum
997 1256 1204 1287 transgressiones
1221 1263 1265 1286 per

206 1288 345 1312 Dominum
356 1289 451 1319 Regem
462 1288 497 1312 eis
508 1288 645 1319 impositas,
653 1291 700 1312 etc.
737 1289 771 1312 Et
782 1289 851 1318 dicit,
863 1291 894 1312 ut
905 1289 981 1320 prius,
991 1289 1058 1313 idem
1070 1289 1266 1312 Archidiaconus

206 1322 275 1351 quod
288 1321 397 1345 Ecclesia
412 1322 443 1345 de
455 1321 577 1345 Boseham
590 1323 628 1345 est
641 1321 750 1345 Ecclesia
766 1321 915 1345 Parochialis
927 1325 972 1346 etc.
993 1321 1124 1352 (utsupra)
1137 1330 1142 1351 3
1161 1323 1187 1345 et
1198 1321 1267 1351 quod

206 1354 266 1384 ipse,
279 1356 392 1384 tempore
407 1361 457 1384 quo
474 1354 612 1384 Episcopus
631 1354 792 1378 Cicestrensis
809 1354 857 1377 sibi
871 1354 1012 1385 predictum
1027 1354 1265 1378 Archidiaeonatum

207 1387 356 1416 conferebat,
374 1386 471 1410 invenit
488 1386 629 1417 predictum
647 1387 885 1411 Archidiaconatum
905 1395 980 1411 suum
998 1387 1112 1411 seisitum
1129 1387 1160 1410 de
1178 1386 1265 1417 hujus-

206 1419 275 1443 modi
292 1419 308 1443 J
311 1419 473 1443 urisdiccione
491 1419 627 1448 Ordinaria,
645 1422 707 1447 etc.;
734 1422 760 1443 et
776 1420 829 1450 ipse
846 1419 893 1450 [et]
914 1428 1000 1443 omnes
1022 1420 1206 1450 predecessores
1228 1419 1268 1443 sui

207 1452 389 1479 Archidiaconi,
409 1460 423 1475 a
440 1454 553 1482 tempore
570 1459 620 1482 quo
640 1460 690 1475 non
709 1454 780 1476 extat
799 1452 925 1482 memoria,
944 1452 1022 1476 seisiti
1039 1453 1152 1482 fuerunt,
1169 1454 1225 1482 etc,
1243 1454 1269 1475 et

208 1484 416 1509 Jurisdiccionem
440 1485 604 1509 Ordinariam.
628 1485 681 1508 siue
703 1485 895 1516 interrupcione,
919 1493 1016 1516 semper
1039 1485 1168 1515 hucusque
1199 1492 1267 1508 exer-

207 1520 321 1546 cuerunt,
341 1519 387 1542 etc.
406 1517 444 1546 (ut
464 1517 569 1548 supra);
587 1520 613 1540 et
631 1517 693 1541 dicit
711 1518 778 1547 quod
795 1518 848 1549 ipse
868 1518 973 1549 percipit
990 1518 1021 1541 de
1042 1518 1129 1542 eadem
1150 1517 1266 1546 Ecclesia,

208 1550 346 1579 aunuatim,
372 1550 474 1573 nomine
502 1550 695 1580 Procuraciouis,
722 1558 799 1574 unam
828 1558 937 1574 marcam
965 1551 1080 1580 argenti;
1103 1553 1130 1574 et
1157 1550 1217 1581 ipse,
1241 1552 1267 1573 et

209 1583 326 1607 Officiah's
346 1591 407 1606 suus
427 1583 562 1613 predictus,
580 1583 787 1607 Jurisdiccionem
806 1583 970 1612 Ordinariam,
990 1586 1065 1614 prout
1083 1583 1266 1614 predecessores

208 1616 255 1644 sui,
271 1618 444 1645 exercuerunt,
463 1618 489 1639 et
509 1623 559 1639 non
577 1615 603 1639 in
621 1618 796 1646 contemptum
814 1616 894 1647 Regis,
912 1618 957 1640 etc.
972 1625 977 1645 ς
996 1618 1022 1639 et
1041 1616 1073 1640 de
1090 1616 1136 1639 hoc
1152 1615 1224 1646 ponit
1242 1623 1267 1638 se

206 1656 281 1679 super
293 1648 411 1672 Patriam.
447 1648 481 1671 Et
498 1648 626 1679 predictus
640 1649 729 1677 Adam,
742 1649 786 1679 qui
801 1649 916 1679 sequitur
931 1657 976 1679 pro
994 1649 1067 1679 Rege,
1080 1649 1145 1679 petit
1157 1648 1225 1679 quod
1237 1656 1268 1671 ex

206 1689 257 1712 quo
274 1681 379 1711 predicti
397 1680 593 1704 Archidiaconus
613 1683 639 1704 et
656 1681 711 1712 ejus
729 1681 845 1705 Officialis
862 1689 912 1705 non
930 1681 1052 1705 dedicunt
1071 1681 1133 1712 quin
1156 1680 1266 1712 predicta

207 1714 317 1737 Ecclesia
329 1714 362 1737 sit
374 1713 462 1737 Libera
474 1715 520 1737 etc.
534 1713 571 1742 (ut
582 1715 676 1744 supra),
690 1714 754 1745 petit
766 1714 782 1738 J
785 1714 896 1737 udicium
909 1722 954 1744 pro
967 1714 1075 1737 Domino
1088 1714 1153 1744 Rege
1166 1714 1265 1744 precise.

207 1747 241 1770 Et
258 1754 333 1776 super
350 1746 397 1770 hoc
413 1746 489 1770 datus
506 1748 545 1770 est
562 1746 597 1769 eis
617 1746 669 1770 dies
686 1754 700 1769 a
716 1747 763 1770 Die
781 1747 871 1770 Sancte
891 1746 1021 1770 Trinitatis
1044 1747 1069 1770 iu
1090 1754 1123 1769 xv
1140 1746 1200 1774 dies,
1219 1748 1264 1769 etc.

206 1779 237 1803 ad
257 1787 333 1810 quem
353 1779 428 1808 diem,
448 1781 512 1807 etc.;
534 1781 560 1802 et
583 1779 658 1803 datus
677 1782 716 1803 est
733 1779 768 1802 eis
789 1779 840 1802 dies
859 1787 873 1802 a
891 1779 931 1802 die
954 1779 1040 1802 Sancti
1063 1778 1197 1807 Michaelis,
1219 1781 1264 1802 etc.

207 1812 304 1839 Postea,
326 1812 358 1835 ad
378 1811 445 1835 diem
460 1811 533 1835 illum
551 1812 621 1835 venit
638 1811 765 1842 predictus
783 1812 872 1841 Adam,
891 1811 935 1843 qui
957 1811 1073 1843 sequitur
1095 1819 1139 1842 pro
1162 1811 1271 1835 Domino

206 1845 289 1875 Rege;
312 1847 339 1868 et
361 1844 476 1868 similiter
496 1844 601 1875 predicti
624 1844 826 1874 Archidiaconus,
851 1847 897 1868 etc.
917 1863 921 1867 .
947 1863 951 1868 .
971 1863 975 1868 .
1002 1846 1028 1868 et
1050 1844 1156 1875 predicti
1178 1843 1267 1867 Archi-

205 1877 330 1906 diaconus,
352 1879 407 1906 etc,
430 1877 575 1907 petiverunt
595 1879 626 1900 ut
648 1877 717 1907 prius
740 1877 864 1900 verificare
884 1885 928 1907 per
954 1877 1061 1907 patriam
1081 1877 1149 1908 quod
1172 1876 1219 1907 ipsi
1242 1878 1268 1900 et

204 1910 387 1941 predecessores
405 1910 451 1939 sui,
470 1911 516 1933 etc.
538 1909 576 1940 (ut
592 1910 686 1940 sum-a).
725 1910 759 1933 Et
782 1910 909 1940 predictus
926 1909 1009 1933 Adam
1029 1928 1034 1933 .
1060 1928 1064 1933 .
1089 1927 1094 1933 .
1119 1909 1182 1932 dicit
1198 1909 1267 1939 quod

207 1942 319 1973 predicta
340 1942 440 1973 Capella
452 1950 467 1965 a
484 1944 596 1973 tempore
613 1950 663 1973 quo
679 1950 737 1971 non,
750 1944 795 1966 etc.
815 1942 851 1971 (ut
866 1942 953 1973 supra)
971 1944 997 1966 et
1012 1942 1059 1965 hoc
1075 1942 1141 1973 petit
1152 1941 1268 1965 similiter

207 1975 333 1999 verificare
345 1982 389 2006 pro
406 1975 479 2005 Rege,
493 1977 538 1999 etc.
556 1983 562 2004 3
579 1975 622 2004 ita,
631 1975 753 2004 videlicet,
766 1975 834 2005 quod
844 1975 1054 2006 quandocumque
1066 1975 1133 1998 idem
1143 1974 1267 1998 Dominus

110 2064 117 2078 ¹
134 2063 272 2095 predictum
284 2064 329 2093 εἰς]
360 2063 465 2094 predicti
478 2063 583 2087 Comitis
595 2064 628 2087 iu.
747 2072 823 2095 quam
841 2066 935 2088 sectam
947 2064 1052 2094 faciunt,
1064 2072 1107 2088 scu
1120 2064 1200 2088 facere
1209 2071 1266 2087 con-

110 2098 119 2111 “-“
137 2098 159 2121 Α
172 2097 254 2121 clause
266 2097 286 2120 is
298 2096 404 2120 omitted
417 2096 524 2119 he1·e—“
535 2096 631 2125 Quesiti
644 2097 664 2120 si
747 2099 891 2127 sueverunt,
916 2097 946 2120 ad
965 2097 1135 2121 Hundredum
1160 2096 1266 2127 predicti

144 2129 370 2160 predictiWarinus
380 2131 405 2152 et
416 2128 458 2152 alii
468 2129 537 2160 parvi
548 2131 663 2153 tenentes
747 2129 860 2159 Comitis
881 2130 911 2153 de
936 2129 1064 2160 Boseham,
1086 2129 1175 2154 dicunt
1198 2129 1266 2162 quod

143 2162 221 2196 ipsius
234 2162 357 2193 Episcopi,
370 2162 401 2185 de
416 2161 606 2193 Westyngtone,
619 2161 662 2187 ali-
746 2161 821 2187 non.'’
