1328 2295
502 152 682 178 GENERAL
708 152 838 178 INDEX.
1198 143 1244 179 87

181 229 307 258 Brixham,
321 229 537 259 qualitercumque
550 230 650 259 exculti,
663 238 713 253 non
725 230 757 253 ad
767 229 878 253 Priorem
895 231 921 252 et
934 229 1093 253 Conventum
1106 230 1238 260 predictos,

182 264 221 285 set
232 262 263 285 ad
275 262 402 286 Vicarium
414 263 568 293 integraliter
585 263 729 293 pertinebit.
766 263 807 291 Et,
820 263 841 285 si
856 263 886 285 de
905 262 1015 292 gardinis
1033 264 1059 285 et
1074 263 1135 286 ortis
1151 262 1240 293 hujus-

181 295 249 317 modi
266 303 333 318 nunc
350 295 500 318 constructis
521 298 546 318 et
567 295 732 319 existentibus
753 295 888 325 quicquam
911 295 978 318 intra
997 295 1083 318 decem
1106 295 1240 325 perticatas

180 329 245 350 terre
257 327 384 358 redigatur
396 328 420 351 in
434 336 484 351 nno
497 328 557 357 loco,
576 330 605 351 ut
617 328 781 358 premittitur,
799 327 904 350 forsitan
916 328 948 350 ad
964 327 1098 355 culturam,
1111 329 1165 350 tota
1177 330 1238 351 tunc

180 359 275 383 decima
295 360 325 383 de
346 365 412 383 terra
429 360 582 391 hujusmodi,
600 368 650 384 una
667 368 725 384 cum
743 360 838 383 decima
855 359 1016 390 gardinorum
1034 362 1060 383 et
1077 362 1190 383 ortorum
1207 361 1239 383 de

179 392 270 422 quibus
288 393 450 423 premittitur,
468 393 541 416 aliter
553 400 629 422 quam
645 401 702 416 cum
720 400 800 423 vanga
819 392 859 416 vel
876 393 923 415 alio
940 392 1109 416 instrumento
1127 393 1238 416 manuali

179 425 343 453 exeultorum,
366 428 391 449 et
409 433 530 449 novorum
548 426 709 456 gardinorum
724 428 750 449 et
766 428 879 448 ortorum
895 432 958 454 quos
978 425 1034 455 plus
1053 432 1129 455 quam
1152 426 1238 449 decem

179 458 312 487 perticatas
325 460 397 486 terre,
408 460 438 481 ut
450 458 613 488 premittitur,
623 458 649 481 in
661 466 711 481 uno
723 458 775 481 loco
788 458 915 481 continere
925 457 1064 488 contigerit,
1077 466 1105 481 ac
1117 457 1194 481 eciam
1206 459 1238 481 de

178 492 244 513 terra
255 493 366 513 extracta
378 491 408 514 de
420 491 529 521 gardinis
541 494 566 514 et
578 491 639 514 ortis
652 499 718 514 nunc
730 490 903 519 existentibus,
917 493 942 514 et
954 490 980 513 in
992 490 1117 513 culturam
1129 491 1236 521 redacta,

178 522 244 546 intra
263 531 278 546 x
295 523 427 553 perticatas
446 526 518 553 terre,
532 526 562 546 ut
578 523 742 554 premittitur,
756 523 782 546 in
796 531 847 546 nno
863 523 924 551 loco,
940 525 965 546 et
978 531 1028 546 una
1042 531 1100 546 cum
1118 523 1235 547 omnibus

176 555 231 578 aliis
249 556 351 579 decimis
374 556 510 586 majoribus
531 556 610 580 tocius
634 556 758 585 Paroehie,
782 563 830 585 que
851 555 947 579 Vicario
965 555 1104 586 specialiter
1122 556 1236 586 superius

177 587 321 611 nullatenus
340 589 505 618 assignantur,
518 589 550 612 ad
568 595 717 612 memoratos
732 588 843 612 Priorem
862 590 888 611 et
906 588 1072 617 Conventum,
1085 588 1235 612 auctoritate

177 621 298 650 presentis
315 621 493 650 Ordfflacionis,
503 621 619 644 volumus
635 621 764 652 pertinere.
800 621 931 650 Volumus,
947 621 1031 649 eciam,
1048 623 1073 644 et
1091 621 1236 644 ordinamus

177 654 244 682 quod
259 653 334 677 iidem
351 654 420 677 Prior
438 657 464 677 et
481 654 625 677 Conventus
640 661 726 677 omnes
740 653 854 677 defectus
871 653 979 677 Cancelli
997 653 1063 676 dicte
1080 653 1187 676 Ecelesie
1203 654 1235 677 de

177 685 314 709 Brixham
307 694 333 709 in
346 689 498 717 coopertura,
508 687 624 710 fenestris
636 687 721 709 vitreis
723 686 819 716 ,Libris
821 689 863 715 ,et
874 686 927 709 ¹iliis
940 685 1100 710 Ornamentis
1112 686 1234 716 ejusdem,

176 718 207 741 ad
226 718 366 742 Rectoriam
382 719 521 748 quamlibet
534 719 695 749 pertinentes,
717 719 761 742 hac
777 719 829 742 vice
850 719 936 749 pumen
956 719 1007 742 suis
1024 718 1130 755 propriis
1150 726 1235 749 sump-

175 751 261 779 tubus,
282 751 374 775 faciant
393 752 418 775 in
439 752 573 775 sufficienti
593 755 662 775 statu
683 751 853 782 1·;;ep³r1ri;et
876 754 969 775 extunc
988 759 1052 774 onus
1072 751 1233 788 invencionis,

175 784 373 812 sustentaoionis,
386 786 412 807 et
423 784 585 815 reparacionis
602 784 747 814 hujusmodi
763 784 908 807 defectuum
926 786 1104 814 repalzatorum
1117 784 1235 814 quociens

176 824 238 846 opus
257 817 311 845 elit,
331 817 362 840 ad
383 817 509 840 Vicarium
532 817 576 846 qui
596 825 640 847 pro
660 820 772 847 tempore
790 817 867 840 fuerit
885 817 1072 847 imperpetuum
1091 817 1233 847 pertinebit,

175 849 298 878 Prefatus,
315 857 379 878 vero,
395 849 507 873 Vin-arius
523 852 549 873 et
565 850 603 872 sui
620 858 770 873 successores
783 850 827 880 qui
843 857 887 880 pro
906 852 1017 880 tempore
1029 849 1125 872 fuerint
1137 849 1235 873 solvent

176 881 305 911 decimam,
320 882 397 912 juxta
409 883 538 911 antiquam
555 882 717 906 Taxacionem
734 882 800 905 dicte
812 882 915 910 Vicarie,
936 882 1017 905 eidem
1029 881 1126 905 Vieario
1138 882 1234 905 incum-

176 913 285 942 bentem,
303 922 360 937 eum
378 915 494 945 imposita
512 915 589 938 fuerit
612 917 637 938 et
660 917 764 941 exucta:
789 915 977 943 Arehidiacono,
995 914 1080 943 eciam,
1099 915 1157 938 Loci
1180 923 1235 945 pro-

176 947 330 970 curacionem
344 955 414 970 suam
425 955 530 976 exnunc,
540 947 720 975 Sinodatieuni,
731 950 756 970 et
767 947 970 970 Cathedraticum
982 955 987 976 ;
1000 947 1116 977 dicteque
1127 947 1235 970 Ecclesie

176 979 207 1002 de
222 979 341 1002 Brixham
359 982 384 1003 et
404 980 509 1010 Capellis
526 980 639 1010 ejusdem
656 980 681 1003 in
700 980 797 1003 Divinis
816 980 908 1004 Officiis
925 982 951 1003 et
968 980 1033 1003 Cura
1049 980 1178 1009 deserviet,
1192 988 1235 1010 per

177 1019 202 1034 se
215 1014 241 1035 et
259 1012 404 1042 Capellanos
416 1020 481 1041 suos,
498 1013 549 1035 suis
561 1013 711 1043 sumptibus,
733 1013 806 1035 modo
819 1012 923 1035 honesto
936 1015 961 1035 et
973 1015 1098 1036 consueto.
1138 1012 1233 1041 Cetera,

178 1052 241 1073 vero,
255 1052 328 1068 onera
343 1045 420 1075 ipsius
435 1045 542 1068 Ecclesie
558 1045 589 1068 de
608 1045 734 1074 Brixham,
747 1052 905 1075 quocumque
923 1045 1022 1068 nomine
1035 1047 1190 1074 censeantur,
1203 1045 1235 1068 ad

177 1077 287 1100 Priorem
305 1080 330 1100 et
349 1078 508 1101 Conventum
529 1078 671 1108 pertineant
691 1078 836 1101 antedictos.
879 1077 1009 1107 Volumus,
1031 1078 1115 1105 eciam,
1133 1080 1159 1101 et
1179 1086 1234 1108 pre-

177 1110 255 1132 sentis
277 1110 447 1133 ordinacionis
467 1110 616 1133 auctoritate
636 1110 786 1141 precipimus
812 1113 838 1133 et
858 1110 1014 1139 mandamus,
1032 1111 1099 1140 quod
1122 1110 1235 1140 prefatus

177 1142 270 1171 Simon,
296 1143 416 1171 Vicarius,
443 1146 473 1166 ut
490 1143 653 1173 premittitur,
680 1146 705 1166 et
728 1143 767 1166 sui
790 1151 941 1166 successores
963 1143 1054 1166 Vicarii
1082 1143 1108 1166 in
1127 1143 1235 1166 Ecclesia

175 1174 294 1204 predicta,
312 1175 409 1198 solvant
421 1175 523 1205 prefatis
537 1176 614 1199 Priori
627 1178 652 1198 et
665 1176 814 1203 Conventui,
836 1175 939 1205 siugulis
953 1175 1140 1204 annis-,nomine
1152 1183 1235 1199 annue

178 1207 313 1236 Pensionis,
343 1208 374 1231 de
405 1208 501 1231 Vicaria
531 1208 648 1238 predicta,
678 1208 766 1238 viginti
792 1216 834 1231 sex
861 1208 952 1231 solidos
983 1211 1008 1231 et
1036 1210 1091 1231 octo
1120 1208 1234 1232 denarios

176 1240 360 1269 sterlingorum,
387 1240 412 1263 in
443 1241 530 1266 Festis.
554 1241 677 1269 videlicet,
707 1241 807 1269 Pasche,
836 1240 984 1264 Nativitatis
1013 1241 1085 1264 Beati
1112 1241 1235 1264 Johannis

176 1272 296 1302 Baptiste,
326 1273 396 1296 Beati
426 1273 560 1301 Michaelis,
598 1276 624 1296 et
653 1273 801 1296 Nativitatis
830 1273 939 1302 Domini,
969 1273 1039 1302 equis
1068 1273 1233 1304 porcionibus,

176 1305 215 1328 vel
246 1305 334 1328 saltem
364 1306 429 1328 infra
457 1306 563 1329 Ootabas
589 1305 746 1336 singulorum
774 1306 793 1328 F
795 1308 906 1329 estorum
936 1306 1114 1336 predictorum,
1140 1306 1234 1335 absque

176 1345 243 1360 more
271 1338 374 1368 diffugio
404 1338 538 1368 longioris;
567 1338 634 1361 salva
669 1339 740 1361 nobis
772 1341 798 1361 et
827 1339 1014 1362 Successoribus
1046 1339 1145 1368 nostris,
1175 1339 1234 1369 Epi-

175 1370 254 1400 scopis
276 1371 376 1399 Exonie,
404 1373 529 1401 potestate
552 1371 699 1401 hujusmodi
720 1371 843 1394 vicu-iam
872 1371 1059 1401 augmentandi,
1093 1371 1232 1399 minuendi,

175 1403 322 1432 declarandi,
336 1406 361 1426 et
373 1406 513 1434 presentem
532 1404 722 1427 Ordinacionem
740 1411 782 1426 seu
800 1404 963 1427 Taxacionem
976 1404 1001 1427 in
1013 1406 1098 1427 totum
1110 1404 1234 1433 mutandi,

175 1435 202 1463 si,
219 1438 301 1466 prout,
317 1438 343 1459 et
360 1437 460 1465 quando
478 1436 613 1459 viderimus
627 1444 671 1459 seu
688 1436 797 1459 viderint
815 1436 1002 1466 expedire—In
1020 1437 1093 1467 cujus
1110 1436 1146 1460 rei
1163 1437 1235 1460 testi-

175 1468 288 1491 monium
315 1468 425 1498 sigillum
448 1471 563 1492 nostrum
588 1469 749 1492 Presentibus
774 1469 895 1492 duximus
918 1470 1234 1499 apponendum—Datum

174 1501 241 1530 apud
259 1501 443 1531 Chuddeleghe,
461 1504 532 1524 sexto
551 1501 591 1524 die
611 1501 703 1525 mensis
727 1501 863 1531 Februarii,
881 1502 955 1525 Anno
976 1502 1079 1525 Domini
1102 1502 1234 1525 Millesimo

176 1533 281 1557 CCCfflO.
296 1533 412 1557 vicesimo
425 1534 505 1564 primo
518 1542 523 1562 3
544 1535 596 1557 165.

79 1572 272 1615 Broadclyst
296 1574 465 1615 [Clistone,
481 1574 575 1615 MS.]‚
592 1574 645 1605 Sir
668 1574 776 1616 Roger
799 1574 838 1606 de
855 1574 888 1605 N
890 1575 1041 1607 onaunt’s
1058 1575 1183 1617 Ohapel
1199 1575 1234 1607 of

166 1617 212 1648 St.
226 1617 335 1659 Agnes
352 1618 396 1654 in,
414 1629 461 1649 see
481 1622 496 1633 “
509 1618 673 1649 Oratories
687 1618 715 1657 '')
730 1631 736 1657 3
759 1620 829 1650 160.

78 1667 399 1711 Broadwood-Kelly
423 1669 739 1711 [Brodewodekelly‚
756 1670 891 1710 MS.],—

142 1720 181 1744 Sir
193 1721 316 1750 Nicholas,
328 1722 357 1745 R.
370 1721 395 1745 of
407 1730 412 1751 ;
426 1722 528 1745 Lieenee
536 1722 562 1745 of
573 1722 767 1750 nonmesidence,
776 1722 814 1745 for
824 1722 894 1746 three
902 1730 979 1753 years,
990 1722 1056 1746 from
1066 1723 1232 1752 Miehaelmas,

174 1753 224 1776 and
242 1756 267 1777 to
286 1757 333 1784 put
348 1757 394 1777 out
410 1754 449 1777 his
466 1755 578 1777 Benefice
596 1758 622 1777 to
639 1755 703 1778 farm
721 1758 747 1778 to
765 1755 805 1778 Sir
822 1755 930 1778 Richard
948 1756 978 1779 de
997 1756 1144 1786 Hurtleghe,
1162 1756 1191 1779 V.
1208 1756 1235 1779 of

176 1786 258 1809 North
278 1787 407 1810 Buckland
421 1787 468 1816 (ie.
491 1787 757 1815 Buckland-Brewer);
778 1788 825 1810 “et
846 1788 940 1818 optulit
958 1789 1034 1818 gratis
1054 1789 1086 1812 ad
1106 1789 1234 1812 Fabricam

175 1818 283 1842 Ecclesie
304 1819 450 1842 Exoniensis
465 1819 531 1842 idem
551 1820 670 1848 Vicarius,
692 1820 796 1850 singulis
811 1821 881 1844 annis
899 1821 1024 1851 predictis,
1042 1821 1050 1851 j
1069 1822 1234 1845 marcam”—-

174 1852 279 1881 maryz'n,
298 1852 311 1862 ‘⁴
322 1852 382 1875 xls.’'
403 1852 427 1881 (1
440 1852 515 1882 Aug„
530 1852 602 1881 1312)
615 1861 620 1881 ;
640 1851 691 1876 721).

78 1889 293 1923 Broadwood-
299 1892 430 1932 Widger
438 1893 633 1933 [Brodwode
640 1892 732 1933 (also,
738 1893 952 1934 Bradewode)
959 1894 1090 1936 Wyger,
1097 1894 1233 1935 MS.],—

143 1943 252 1966 William
265 1944 406 1975 Kayngnes,
423 1944 571 1973 subdeacon,
585 1945 844 1975 R.,—Dispensation:
861 1946 1050 1969 non—residence
1066 1946 1104 1969 till
1117 1946 1233 1969 Michael-

175 1983 228 1999 mas
251 1979 318 2005 next,
338 1980 365 2000 to
383 1977 459 2007 study
477 1980 523 2000 etc.
545 1978 586 2006 (27
605 1976 681 2005 Dec,l
704 1978 795 2006 1310);
815 1976 870 2001 581⁷:
887 1978 946 2007 also,
964 1979 1004 2001 till
1025 1978 1184 2002 Miehaelmas
1207 1979 1231 2008 (4

175 2008 400 2071 (Νὸοέὀέὃὲἒέιῆθιὸ
408 2010 478 2066 :bl-{ind
495 2010 565 2040 again
584 2010 723 2041 [Cai11gues,
742 2009 813 2040 Ms.]‚
830 2011 868 2033 for
887 2019 901 2034 a
916 2019 975 2041 year
991 2011 1056 2034 from
1074 2011 1234 2034 Michaelmas

468 2104 477 2120 ²
496 2106 572 2130 Sexto
585 2106 711 2130 Kalendas
723 2105 844 2131 Januarii.
