1328 2295
390 145 564 171 GENERAL
590 145 930 174 INDEX—BOSHAM.
1188 137 1233 172 69

173 223 226 246 Rex
243 223 336 253 poterit
350 223 477 247 cerciorari
491 231 566 254 super
587 223 748 247 immunitate
765 224 871 255 Capelle,
889 226 934 249 etc.
953 225 1025 249 aliter
1041 233 1084 256 per
1099 226 1231 250 recordutn

173 263 216 279 seu
229 263 272 286 per
281 255 329 279 alia
340 255 497 279 munimenta
509 263 553 279 seu
565 256 703 280 evidencias
715 257 886 287 quovismodo,
899 259 952 281 tam
964 260 1022 281 ante
1034 257 1230 282 verificacionem

173 288 252 319 patrie
267 296 343 318 quam
356 290 420 318 post,
438 288 506 319 quod
521 288 658 312 verificacio
675 289 717 312 illa
735 297 784 313 non
803 290 875 313 cedat
891 289 918 313 in
937 289 1111 320 prejudicium,
1123 293 1177 320 etc„
1191 293 1230 314 set

172 328 270 351 semper
278 320 322 351 jus
333 320 412 351 ipsius
425 321 527 344 Domini
539 321 613 352 Regis
624 321 671 345 sibi
683 321 708 345 in
721 322 846 352 premissis
858 322 974 346 salvetur.
1011 323 1070 346 Ideo
1082 326 1228 353 preceptum

172 355 210 376 est
223 353 370 377 Vicecomiti
382 354 450 384 quod
467 353 549 377 venire
565 354 659 377 faceret
676 362 758 378 coram
774 355 840 385 Rege
852 363 866 378 a
883 355 923 378 die
941 355 1027 379 Sancti
1046 355 1144 379 Hillarij
1156 355 1182 379 in
1194 364 1227 379 xv

172 385 232 415 dies,
245 385 405 417 ubicumque,
418 388 463 409 etc.
481 386 582 416 xxiiijmg
602 388 656 416 etc„
673 394 781 417 quorum
799 389 854 411 octo
870 387 921 411 sint
937 387 1030 411 Milites
1044 388 1126 418 gladio
1144 387 1225 417 cincti,

171 420 216 442 etc.
252 418 348 447 Postea,
366 426 380 441 a
398 418 444 441 Die
464 418 558 442 Pasehe
575 419 601 442 in
621 421 672 442 tres
691 419 848 450 septimanas,
868 420 942 443 Anno
968 420 1047 451 Regni
1067 420 1141 451 Regis
1159 428 1227 444 nunc

172 452 262 480 quarto
274 451 370 474 decimo
383 450 475 481 [1321],
488 451 557 474 venit
569 451 696 482 predictus
709 452 790 475 Adam
802 452 833 475 de
846 452 974 483 Fyneham
993 470 998 476 .
1014 471 1018 476 .
1033 470 1038 475 .
1053 471 1057 475 .
1074 455 1100 476 et
1112 453 1227 476 similiter

170 483 276 514 predicti
293 483 417 507 Robertus
433 483 629 507 Archidiaconus
647 486 673 507 et
689 484 743 515 ejus
760 485 876 508 Officialis
894 493 937 515 per
952 485 1087 516 Hugonem
1099 485 1130 509 de
1148 486 1224 509 Farn-

170 516 242 545 done,
260 518 417 539 attornatum
439 524 532 545 suum3
554 519 580 540 et
602 516 717 540 similiter
733 517 811 548 jurati
829 519 960 547 venerunt,
979 518 1024 548 qui
1044 518 1133 541 dicunt
1151 526 1225 548 super

170 551 354 572 sacramentum
367 556 442 572 suum
454 549 522 579 quod
534 549 602 579 apud
613 549 740 579 Boseham,
749 549 775 573 in
786 549 867 573 Choro
877 550 991 580 Ecclesie,
1000 552 1061 574 sunt
1072 558 1115 574 sex
1128 550 1224 574 Canon-

169 581 200 605 ici
218 581 352 610 Seculares,
371 581 491 604 habentes
515 589 558 605 sex
579 581 719 605 Prehendas
739 582 836 606 divisas.
872 583 906 606 Et
924 583 1013 606 dicunt
1028 583 1096 613 quod
1111 583 1226 614 Episcopi

171 613 329 643 Exonienses,
342 622 372 637 ex
390 614 544 637 concessione
562 614 657 644 Regum
676 614 772 645 Auglie,
786 615 976 645 Progenitorum
993 615 1067 646 Regis
1082 623 1156 645 nunc,
1169 623 1225 639 con-

170 647 256 670 ferunt
265 646 405 670 Prebendas
417 646 478 675 illas,
489 649 515 670 et
523 646 658 670 canonicos
670 647 817 677 instituunt,
827 647 964 677 installaut,
974 650 1000 671 et
1012 647 1157 671 destituunt
1168 655 1226 672 cum

170 678 266 702 fuerint
276 678 439 708 destituendi,
451 681 478 702 et
489 679 535 702 hoc
547 679 645 710 propria
657 680 810 703 auctoritate.
848 680 882 703 Et
894 681 959 711 quod
978 680 1084 711 predicti
1101 680 1225 710 Canonici,

170 720 213 735 seu
231 719 317 734 eorum
335 711 471 741 Prebende,
490 711 554 735 bona
570 720 615 735 sua
632 712 730 742 propria
751 712 937 736 Prebendarum
957 713 1065 742 illarum,
1083 713 1122 736 vel
1139 721 1226 737 eorum

170 743 280 767 Ministri
291 744 317 767 in
330 744 411 768 Choro
424 743 531 767 Ecclesie
543 744 573 767 de
590 744 712 768 Boseham
727 745 906 774 ministrantes,
919 753 1049 776 nunquam
1061 753 1105 776 per
1116 745 1226 776 aliquem

170 776 379 800 Arehidiaconum
390 776 576 806 Cicestrensem,
588 777 782 807 predecessorem
794 778 855 801 dicti
863 778 1036 801 Archidiaconi
1048 778 1092 808 qui
1104 786 1171 802 nunc
1180 780 1224 808 est,

170 808 264 832 visitati
276 809 394 838 fuerunt;
412 817 456 832 nec
472 809 582 840 aliquam
598 809 804 833 Jurisdiccionem
818 810 845 833 in
862 810 897 834 eis
911 813 1082 840 exercuerunt,
1095 818 1226 841 quousque

171 841 294 865 Dominus
317 841 511 865 Archidiaconus
529 845 555 865 et
577 841 631 872 ejus
655 842 771 866 officialis
797 843 840 873 qui
863 851 930 866 nunc
951 846 1019 872 sunt,
1037 845 1149 874 tempore
1173 851 1226 873 suo,

170 874 250 905 primo
267 874 283 898 J
287 874 474 898 urisdiccionem
493 874 649 898 Ordinariam
668 875 693 898 in
710 875 827 905 predictis
845 875 933 905 Chore,
946 876 1084 905 Canonicis,
1096 875 1226 904 Ministris,

168 909 194 930 et
206 907 341 930 Prebendis
353 909 523 930 exercuerunt.
560 907 594 930 Et
606 907 694 931 dicunt
706 908 773 938 quod
786 915 852 931 unus
864 908 1033 938 predictorum
1045 908 1227 932 Oanonicorum

169 941 240 963 tenet
252 939 407 963 Prebendam
423 947 472 970 que
485 942 587 963 vocatur
605 940 734 963 Prebenda
752 940 899 964 Parochialis
916 943 941 964 et
953 941 1076 964 Vicariam
1088 941 1114 964 in
1126 949 1227 972 corpore

171 972 279 995 Ecclesie
301 972 405 999 confert,
429 974 454 995 et
477 972 604 995 Vicarium
627 973 776 1001 constituit3
798 973 849 1003 qui,
872 973 982 1004 quidem,
1006 973 1119 997 Vicarius
1141 981 1227 997 curam

168 1004 308 1028 animarum
329 1004 543 1033 Paroclfianorum,
556 1005 581 1027 in
601 1005 707 1035 Corpore
726 1005 840 1034 Ecclesie,
859 1008 929 1029 extra
947 1005 1057 1030 Chorum
1075 1005 1158 1029 habet.
1194 1006 1228 1029 Et.

169 1037 195 1060 in
208 1037 294 1060 eodem
302 1037 399 1060 Vicario
411 1039 436 1060 et
448 1037 613 1066 Parocllianis,
625 1045 652 1060 ac
664 1037 689 1060 in
703 1038 810 1068 Corpore
822 1038 888 1062 dicte
901 1038 1015 1067 Ecclesie,
1024 1040 1095 1062 extra
1109 1038 1226 1068 Ohorum,

172 1069 299 1100 predictus
322 1070 440 1100 Magister
464 1069 588 1093 Robertus
611 1070 812 1099 Archidiaconus,
831 1073 857 1094 et
874 1071 1056 1101 predecessores
1079 1071 1118 1094 sui
1141 1071 1227 1094 Archi-

170 1102 267 1125 diaconi
290 1102 463 1131 Cicestrenses,
482 1102 688 1125 Jurisdiccionem
707 1103 863 1126 Ordinariam
886 1106 1058 1127 exercuerunt.
1096 1103 1130 1127 Et
1153 1111 1227 1134 super

171 1134 217 1158 hoc
237 1135 290 1158 dies
311 1136 385 1158 datus
404 1137 443 1158 est
461 1135 578 1158 Partibus
595 1135 626 1157 de
644 1135 767 1158 audiendo
784 1135 877 1166 judicio
895 1144 948 1165 suo,
966 1143 1048 1159 coram
1066 1136 1139 1166 Rege,
1156 1144 1170 1159 a
1187 1136 1227 1159 die

171 1168 262 1191 Sancte
274 1167 404 1191 Trinitatis
416 1167 442 1190 in
455 1175 486 1190 xv
499 1167 558 1195 dies,
569 1167 728 1198 ubicumque,
744 1170 789 1191 etc.
828 1169 860 1191 Et
877 1168 967 1191 deinde
983 1169 1057 1192 datus
1070 1171 1107 1191 est
1119 1168 1154 1192 eis
1166 1168 1226 1198 dies,

172 1207 254 1223 coram
266 1200 339 1231 Rege,
353 1208 366 1223 a
381 1200 421 1223 die
436 1199 521 1223 Sancti
538 1200 636 1223 Hillarii
654 1200 679 1223 in
696 1208 728 1223 xv
746 1200 806 1228 dies,
822 1200 982 1231 ubicumque,
994 1203 1042 1224 etc.
1058 1201 1088 1224 de
1103 1201 1227 1224 audiendo

167 1232 262 1262 judicio
278 1240 330 1262 suo,
343 1235 388 1256 etc.
425 1233 459 1255 Et
476 1232 565 1255 deiude
583 1232 658 1255 datus
676 1235 713 1256 est
731 1233 765 1256 eis
777 1233 836 1262 dies,
855 1241 937 1256 coram
955 1234 1027 1264 Rege,
1041 1241 1055 1256 a
1073 1233 1119 1256 Die
1135 1233 1227 1257 Pasche

170 1265 196 1288 in
208 1267 259 1288 tres
272 1265 429 1296 septimanas,
440 1265 599 1295 ubicumque,
613 1267 656 1288 etc.
669 1265 699 1288 de
709 1265 833 1288 audiendo
842 1265 938 1296 judicio
950 1274 1003 1295 suo,
1016 1268 1060 1289 etc.
1092 1266 1126 1289 Et
1138 1266 1227 1289 deinde

171 1298 246 1321 datus
262 1298 296 1321 eis
314 1298 372 1326 dies,
386 1305 467 1321 coram
485 1297 557 1328 Rege,
570 1306 583 1320 a
602 1298 642 1320 die
659 1298 742 1321 Sancti
758 1298 885 1321 Michaelis
903 1298 928 1321 in
946 1306 979 1322 xv
995 1298 1055 1327 dies,
1068 1298 1227 1329 ubicumque,

172 1333 228 1358 em,
245 1331 276 1354 de
292 1330 415 1354 audiendo
435 1330 529 1360 judicio
549 1337 594 1353 suo
614 1332 660 1353 etc.
696 1330 735 1353 Ad
753 1338 829 1361 quem
847 1331 913 1354 diem
931 1331 1057 1361 predictus
1077 1331 1167 1360 Adam,
1184 1331 1228 1361 qui

171 1363 285 1393 sequitur
298 1371 341 1393 pro
354 1362 461 1386 Domino
474 1363 547 1393 Rege,
557 1363 632 1392 venit,
646 1365 672 1386 et
684 1363 788 1393 predicti
800 1363 996 1386 Archidiaccnus
1008 1366 1034 1387 et
1046 1363 1100 1393 ejus
1112 1363 1228 1387 Officialis

171 1395 286 1419 similiter
304 1398 434 1418 venerunt.
471 1396 511 1424 Et,
529 1395 587 1425 quia
604 1403 646 1426 per
667 1395 860 1425 inquisicionem
878 1396 1023 1426 predictam,
1038 1396 1064 1419 in
1080 1403 1156 1426 quam
1173 1404 1227 1426 pre-

172 1428 233 1451 dicti
252 1428 382 1457 Robertus,
398 1427 601 1456 Archidiaconus,
618 1430 644 1451 et
658 1428 713 1458 ejus
728 1428 851 1457 Officialis,
868 1436 894 1451 se
910 1431 1055 1459 posuerunt,
1071 1431 1228 1458 compertum

76 1466 114 1487 fol.
128 1458 212 1487 abest
229 1461 296 1491 quod
312 1460 428 1484 Canonici
445 1460 552 1483 Ecclesie
567 1460 677 1490 predicte
693 1463 719 1483 et
736 1468 822 1484 eorum
841 1461 976 1490 Poebende,
988 1461 1053 1484 bona
1064 1469 1108 1484 sua
1122 1461 1227 1484 Prehen-

173 1493 263 1517 darum
275 1493 382 1522 illarum,
395 1501 438 1516 seu
451 1500 536 1516 eorum
550 1493 658 1516 Ministri
674 1493 700 1516 in
715 1493 797 1516 Choro
816 1493 923 1516 Ecclesie
941 1493 1051 1523 predicte
1063 1493 1094 1516 de
1107 1493 1228 1517 Boseham

173 1525 352 1555 ministrantes,
370 1533 500 1555 nunquam
518 1533 561 1555 per
583 1525 692 1555 aliquem
710 1525 919 1549 Archidiaconum
937 1526 1124 1555 Oicestrensem,
1143 1527 1228 1556 prede-

174 1566 295 1582 cessorem
307 1558 412 1589 predicti
423 1557 596 1581 Archidiaconi
611 1558 654 1588 qui
672 1565 739 1581 nunc
755 1560 800 1587 est,
813 1558 907 1582 visitati
925 1558 1029 1582 fuerunt
1040 1567 1045 1587 ;
1063 1566 1108 1581 nec
1119 1558 1228 1589 aliquem

174 1591 380 1614 Jurisdiccionem
410 1590 567 1614 Ordinariam
596 1590 621 1613 in
651 1590 743 1613 eisdem
772 1593 944 1620 exercuerunt,
969 1598 1100 1621 quousque
1124 1591 1229 1621 predicti

175 1623 298 1647 Robertus
315 1623 517 1652 Archidiaconus,
530 1625 555 1646 et
573 1622 697 1646 Robertus
713 1623 743 1646 de
760 1623 885 1653 Endreby⁷
899 1623 953 1654 ejus
970 1623 1093 1652 OfficiaHs,
1106 1623 1150 1653 qui
1162 1631 1229 1647 nunc

173 1658 241 1686 sunt,
259 1658 371 1686 tempore
388 1663 439 1684 suo,
461 1655 541 1686 primo
558 1655 765 1678 Jurisdiccionem
786 1656 942 1679 Ordinariam
960 1656 986 1679 iu
1003 1655 1121 1686 predictis
1139 1655 1228 1685 Chore,

174 1688 311 1718 canonicis,
331 1688 458 1716 Ministris,
477 1690 503 1711 et
523 1687 665 1716 Prebendis,
684 1691 769 1711 contra
793 1688 1000 1711 Prohibucionem
1023 1688 1124 1711 Domini
1148 1688 1229 1719 Regis,

174 1723 345 1749 exercuerunt,
358 1720 541 1744 consideratum
559 1723 597 1743 est
613 1720 680 1750 quod
698 1721 803 1750 predicti
820 1721 944 1744 Robertus
961 1720 1191 1750 Arehididiaeonus,
1203 1724 1229 1744 et

174 1754 298 1777 Roberuus
318 1753 348 1776 de
370 1753 494 1783 Enderby,
516 1752 570 1783 ejus
589 1752 711 1781 Ofiicialis,
730 1753 867 1783 capiantur,
885 1755 931 1776 etc¹
975 1753 1009 1776 Et
1031 1753 1168 1776 inhibitum
1191 1756 1229 1777 est

175 1786 278 1816 prefatis
295 1785 475 1809 Archidiacono
493 1787 519 1808 et
539 1785 594 1815 ejus
612 1785 715 1808 Officiali
732 1786 800 1815 quod
819 1786 914 1809 nullam
932 1785 1139 1809 Jurisdiccionem
1157 1786 1227 1809 Ordi-

175 1819 270 1842 nariam
292 1818 318 1841 in
342 1818 459 1848 predictis
477 1817 566 1846 Choro,
587 1817 724 1847 Canonicis,
746 1818 875 1847 Miuistris,
898 1820 924 1841 et
947 1818 1089 1847 Prehendis,
1110 1818 1181 1841 bonis
1204 1821 1229 1841 et

175 1851 269 1874 catallis
289 1851 475 1874 Prebendarum
494 1850 670 1880 predictarum,
688 1850 719 1873 de
734 1853 815 1873 cetero
834 1853 964 1874 exerceant
982 1858 1026 1874 seu
1044 1858 1155 1873 exercere
1176 1858 1228 1880 pre-

175 1886 285 1913 sumant,
297 1883 475 1912 etc.—Postea,
489 1891 503 1905 a
515 1882 554 1905 die
573 1883 657 1906 Sancti
676 1882 774 1905 Hillarii
791 1883 817 1905 in
834 1891 867 1906 xv
883 1883 943 1912 dies,
958 1883 1029 1906 Anno
1042 1882 1097 1913 xij
1109 1882 1229 1912 [1322-3J,

178 1918 301 1939 venerunt
318 1915 423 1946 predicti
440 1915 642 1943 Archidiacouus,
656 1917 682 1938 et
699 1915 754 1945 ejus
770 1915 893 1944 Officiulis,
906 1918 932 1938 et
948 1915 1023 1938 finem
1041 1915 1154 1938 fecerunt
1171 1923 1229 1938 cum

177 1948 284 1972 Domino
292 1949 358 1978 Rege
369 1956 374 1976 ;
391 1950 467 1978 prout
478 1950 549 1977 patet
561 1955 604 1977 per
616 1947 738 1970 Rotulum
752 1948 853 1971 Finium
865 1948 896 1971 de
903 1947 1020 1971 Termino
1033 1947 1119 1970 Sancti
1131 1947 1229 1971 Hillarii

176 1981 294 2011 predicto.
330 1980 428 2011 [About
439 1988 453 2003 a
465 1980 533 2003 third
552 1980 587 2009 (iu
600 1979 643 2003 the
655 1980 758 2009 middle)
772 1980 797 2003 of
813 1980 856 2004 the
868 1988 929 2011 page
941 1980 962 2003 is
974 1980 1020 2003 left
1031 1979 1107 2003 blank
1116 1978 1195 2010 here}

209 2038 276 2067 Item,
300 2038 425 2062 Processus
447 2037 543 2061 habitus
564 2038 590 2061 in
612 2037 693 2061 cadem
717 2037 794 2061 Curia
814 2041 896 2062 contra
920 2037 1063 2066 ιῙυῖιοιηηενη,
1087 2036 1230 2068 Episcopum

244 2070 413 2099 cicestr-mmm,
426 2078 499 2100 super
510 2070 587 2093 codem
602 2078 639 2093 :—

146 2104 335 2128 MEMORANDUM
348 2103 415 2134 quod
433 2103 540 2134 quedam
560 2102 697 2126 Prohibicio
715 2103 808 2126 directo
825 2103 874 2127 fuit
886 2102 1002 2132 Johanni,
1016 2102 1137 2133 Episcopo
1150 2102 1230 2127 Cices-
