1328 2295
194 146 273 173 THE
299 145 483 172 REGISTER
509 145 557 171 OF
583 144 722 171 BISHOP
749 144 980 170 STAPELDON.
1114 132 1159 169 13

92 226 201 251 Domino
215 225 340 250 Willelmo
352 233 402 249 non
419 227 541 256 tanquam
557 224 612 253 sibi,
625 232 656 248 ex
676 224 732 255 jure
748 232 801 253 suc,
814 224 853 248 vel
871 223 981 247 Ecclesie
999 225 1081 247 vestre
1099 231 1157 247 con-

94 259 235 287 suetudine,
255 260 294 282 set
312 266 343 282 ex
360 258 459 289 speciali
478 257 652 282 Convencione
671 258 698 281 in
714 257 813 288 scriptis
829 257 937 286 redacta,
955 258 1079 287 tanquam
1094 256 1158 280 bene

94 292 184 315 merito
195 291 289 315 tradita
300 291 351 314 fuit
362 291 394 314 ad
405 290 511 320 firmam,
519 298 565 314 suo
577 292 698 321 perpetuo
710 289 890 313 tantummodo
902 289 1058 313 duraturam.
1077 289 1159 319 Unde,

95 325 157 355 quin
170 324 224 355 ipsa
235 324 339 347 tradicio
350 323 421 347 firme
434 323 547 347 totaliter
558 322 728 354 exspiraverit,
740 322 795 353 ipso
807 322 916 345 Domino
925 321 1051 346 Willelmo
1061 322 1160 345 sublato

96 358 127 381 de
143 357 233 386 medio,
245 364 296 380 non
312 356 465 386 dubitamus,
479 364 524 380 nec
540 356 664 379 credimus
680 355 749 386 quod
766 355 856 386 aliquis
874 354 974 378 dubitet
990 362 1049 377 sane
1060 354 1160 378 mentis.

96 390 130 417 Si,
149 392 242 418 autem,
262 389 346 420 aliqua
362 389 479 412 Par-cium
495 388 577 412 dicere
598 388 658 412 velit
675 388 744 419 quod
764 388 796 411 ad
816 387 1031 411 Consuetudinem
1053 387 1161 410 Ecclesie

98 422 245 446 Exoniensis
260 422 440 445 recurrendum
458 421 536 445 fuerit
550 421 576 444 in
592 421 639 444 hoc
651 429 716 449 casu,
729 420 854 444 credimus
866 422 892 444 et
904 428 948 450 pro
961 418 1033 443 firmo
1046 421 1161 443 tenemus

98 456 166 486 quod
178 455 212 478 sic
225 456 254 478 ut
266 454 381 485 sequitur
389 454 467 478 fuerit
484 454 510 477 in
527 454 614 477 eadem
632 453 740 477 Ecclesia
759 453 882 476 hactenus
899 452 1076 480 observatum;
1094 452 1162 475 vide-

98 488 163 517 licet,
184 488 251 517 quod
269 487 290 510 si
309 487 457 515 Canonicus,
480 487 574 510 habens
592 486 692 510 firmam
709 486 740 509 de
758 485 948 509 Consuetudine
966 485 1083 514 Ecclesie,
1106 485 1163 516 jure

99 528 151 549 suo,
170 523 229 544 ante
246 520 362 550 Vigiliam
381 520 449 543 Festi
466 519 537 543 Beati
554 519 657 548 Thome,
675 518 790 550 Apostoli
812 518 854 548 [20
873 516 954 549 Dec.],
972 517 1050 541 fuerit
1068 518 1099 541 ab
1116 517 1162 541 hae

98 553 153 576 luce
165 553 317 580 subtractus,
331 553 382 576 sive
394 552 489 583 aliquid
502 560 545 583 pro
557 551 630 575 firma
645 552 676 575 de
688 559 753 575 anno
766 551 853 574 futuro
866 551 967 574 solverit
979 551 1030 573 sive
1042 558 1100 580 non,
1112 558 1163 573 non

99 586 147 609 sibi
164 588 202 609 set
222 586 309 609 futuro
328 584 436 608 firmario
454 585 615 608 debebuntur
632 586 718 615 postea
735 584 842 615 proximi
860 583 958 607 fructus
976 583 1161 614 autumpnales.

100 618 219 649 Alioquin
237 620 384 649 sequeretur
397 617 588 644 inconveniens;
613 617 735 646 videlicet,
750 617 818 647 quod
835 616 943 647 quilibet
959 615 1091 645 firmarius,
1109 623 1163 646 pre-

100 659 204 682 propere
216 651 334 674 solvendo
346 654 404 674 ante
417 650 562 679 terminum,
576 649 725 680 prejudicari
735 651 818 680 posset
826 649 939 680 proximo
951 649 1093 673 successori.
1130 648 1164 678 Si,

101 692 166 713 vero,
176 686 262 714 postea
271 683 382 712 decedat,
391 685 417 706 et
425 683 520 714 aliquid
530 683 624 706 solvere
632 682 751 713 inceperit
761 682 791 705 de
801 690 865 705 anno
875 681 969 711 futuro,
980 689 1030 705 non
1040 689 1165 705 successor

101 716 184 746 uniuS,
200 719 240 740 set
259 716 315 739 talis
333 716 475 745 defunctus,
493 715 641 746 hujusmodi
656 715 753 738 firmam
772 715 874 738 habebit
895 722 939 745 pro
955 714 1080 737 fructibus
1097 713 1165 737 illius

101 749 166 773 anni.
202 749 253 778 Set,
275 749 296 772 si
315 748 392 772 nichil
411 748 505 772 solvere
525 748 645 778 inceperit
665 748 696 771 de
716 755 781 771 anno
801 747 896 776 futuro,
914 747 974 771 licet
992 749 1049 777 post
1068 746 1166 770 dictum

101 782 207 805 Festum
222 781 361 811 decesserit,
374 781 448 805 salvis
463 781 511 804 sibi
527 780 640 811 expensis
658 780 781 811 impositis
798 780 824 804 in
841 780 947 809 cultura,
965 779 1041 803 nichil
1060 779 1165 803 ulterius

103 815 134 838 de
157 814 304 845 hujusmodi
326 814 398 837 firma
415 814 508 844 poterit
525 813 663 837 vendicare.
707 813 741 842 Si,
762 814 855 842 autem,
873 821 918 843 per
937 815 1041 843 pactum
1062 812 1166 842 speciale

103 847 201 870 firmam
219 846 336 876 tenuerit,
352 846 417 870 iilud
437 846 561 870 credimus
577 846 716 877 specialiter
736 846 920 869 observandum
939 845 1007 876 quod
1027 845 1167 876 specialiter

104 879 247 903 convenerit
259 879 325 902 inter
338 880 430 903 Partes.
467 879 519 902 Ista
530 881 646 902 tenemus
659 879 690 902 ad
703 886 802 909 presens
815 881 840 901 et
852 878 994 901 tenebimus
1006 878 1031 901 in
1041 878 1166 907 futurum,

104 913 152 935 nisi
169 920 213 943 per
232 913 325 941 Partes,
339 912 364 935 in
382 914 467 935 nostra
484 911 609 942 presencia
626 911 784 939 constitutas,
803 911 925 934 fuerimus
942 911 1015 934 aliter
1029 910 1165 934 informati.

105 944 250 968 Altissimus
263 953 306 969 vos
319 945 589 968 conserveti—Datum
598 944 665 975 apud
678 944 833 973 Chudeham,
847 951 882 967 xx
894 944 933 967 die
945 943 1100 968 minii—fol.
1115 941 1149 967 4³³.

138 1002 221 1026 Preces
233 1001 324 1033 Reqine
333 1010 379 1033 pro
392 1002 496 1025 Domino
508 1001 621 1025 Jcltamze
633 1001 662 1025 cle
673 1001 781 1032 Jarqoho
790 1011 832 1025 :—

73 1035 217 1059 Reverendo
240 1035 266 1058 in
290 1035 390 1059 Christo
408 1035 484 1064 Patri,
502 1035 593 1058 dilecto
617 1037 710 1061 nostro,
730 1034 848 1064 lValtero,
867 1033 914 1057 Dei
931 1034 1012 1063 gracia
1031 1033 1167 1057 Exoniensi

106 1068 236 1098 Episcopo,
254 1068 376 1097 Ysabelia,
396 1068 518 1098 Ejusdem
540 1067 622 1098 gracia
639 1067 728 1097 Anglie
746 1067 847 1097 Regina,
865 1067 974 1091 Domina
996 1067 1122 1096 Hibernie,
1141 1069 1167 1090 et

106 1100 212 1124 Ducissa
228 1100 389 1131 Aquitannie,
407 1100 522 1129 salutem,
537 1102 563 1123 et
580 1100 672 1123 sincere
688 1099 843 1123 dilecccionis
858 1099 1099 1130 affcctmn.—Digne
1118 1107 1167 1123 cre-

107 1133 190 1156 dimus
202 1141 273 1163 agere
289 1141 353 1162 curn,
367 1141 411 1163 pro
427 1133 526 1156 iliorum
545 1132 690 1163 provisione,
707 1132 805 1163 Scripta
814 1134 899 1155 nostra
915 1132 1045 1163 dirigimus
1061 1140 1124 1162 quos
1136 1132 1168 1155 ad

107 1165 253 1196 hujusmodi
270 1166 377 1196 graciam
395 1166 557 1196 optinendam
575 1173 618 1188 sue
637 1165 754 1188 ordinant
772 1165 860 1188 merita
878 1165 1016 1195 probitatis.
1061 1165 1094 1188 Et
1112 1165 1167 1188 ideo

107 1199 138 1222 ad
156 1198 211 1221 illos
228 1198 335 1221 libenter
352 1198 503 1221 recurrimus
521 1198 552 1221 de
570 1205 677 1228 quorum
695 1198 807 1221 bonitate
825 1200 850 1221 et
873 1197 994 1221 fidelitate
1012 1197 1168 1226 confidimus,

107 1233 133 1254 et
145 1231 176 1254 de
188 1231 280 1261 quibus
292 1230 397 1254 firmiter
409 1239 537 1261 speramus
550 1231 618 1261 quod
635 1238 718 1261 preces
736 1238 798 1260 quas
815 1230 883 1260 juste
899 1230 1048 1260 porrigimus
1060 1230 1169 1253 debeant

106 1263 203 1287 facilius
215 1263 337 1287 exaudiri.
370 1264 442 1292 Cum,
452 1263 538 1294 igitur,
551 1263 636 1286 dilecti
648 1271 675 1286 ac
688 1263 816 1286 familiaris
830 1263 957 1293 Capeliani
969 1263 1055 1291 nostri,
1066 1263 1169 1286 Domini

108 1296 230 1320 Johannis
248 1296 278 1319 de
293 1296 408 1326 Jargoho,
427 1296 453 1319 in
471 1296 563 1319 nostris
581 1296 706 1319 continuis
724 1295 849 1326 obsequiis
866 1295 1004 1324 existentis,
1023 1295 1096 1326 eujus
1113 1303 1169 1326 pro-

109 1329 253 1358 mocionem,
272 1329 323 1352 suis
338 1329 434 1352 meritis
452 1328 618 1359 exigentibus,
635 1328 755 1351 habemus
773 1328 799 1351 in
816 1328 916 1358 speculo
934 1328 1025 1351 mentis
1043 1330 1127 1351 nostre
1144 1332 1170 1351 et

109 1361 294 1392 precordialiter
306 1362 458 1390 affectamus,
469 1361 651 1384 Paternitatem
662 1363 777 1390 vestram,
786 1361 857 1384 nobis
868 1361 1170 1390 karissimam‚affectuose

109 1394 260 1424 requirimus
277 1396 303 1417 et
320 1402 436 1424 rogamus
454 1394 579 1424 quatinus,
593 1401 650 1424 erga
667 1394 750 1423 ipsum
767 1401 857 1417 manus
875 1393 1032 1417 liberalitatis
1047 1396 1073 1416 et
1088 1394 1170 1417 muni-

109 1426 208 1450 ficencie
220 1429 301 1450 vestre
313 1427 474 1457 porrigentes,
488 1426 569 1450 eidem
582 1427 612 1449 de
630 1426 759 1449 Prebenda
771 1429 854 1449 vestra
867 1426 1017 1453 Cathedrali,
1030 1426 1069 1449 vel
1081 1426 1170 1449 saltem

109 1460 140 1482 de
157 1459 234 1482 altera
257 1459 389 1483 sufficienti
407 1459 550 1489 Collegiata,
574 1459 762 1489 quamprimum
779 1459 811 1482 ad
833 1459 859 1482 id
877 1459 998 1489 optulerit
1015 1467 1040 1482 se
1058 1459 1171 1488 facultas,

109 1492 246 1522 dignemini
269 1492 415 1522 providere;
441 1494 466 1515 et
488 1491 597 1521 interim,
618 1499 750 1522 quousque
778 1492 872 1515 dietam
901 1491 1056 1515 Prebendam
1085 1499 1170 1515 vacare

110 1525 243 1555 contigerit
255 1527 281 1548 et
292 1524 360 1548 illam
372 1524 450 1548 fuerit
467 1527 602 1552 assecutus,
624 1524 704 1547 eidem
719 1524 867 1547 Pensionem
879 1532 1014 1554 congruam
1030 1526 1170 1548 vestrarum

109 1557 249 1580 munimine
273 1557 414 1580 Literarum
432 1557 514 1580 velitis
531 1557 742 1587 contemplacione
760 1557 840 1580 nostri
857 1557 990 1580 concedere
1010 1557 1169 1586 roboratam;

110 1590 181 1619 iliud,
199 1590 273 1619 enim,
289 1590 356 1620 quod
374 1597 418 1620 pro
436 1590 523 1612 eodem
540 1589 648 1612 feceritis
665 1589 798 1619 Capeliano
814 1589 884 1612 nobis
899 1597 949 1612 non
965 1589 1081 1612 inmerito
1098 1597 1171 1620 repu-

111 1622 222 1645 tabimus
234 1630 286 1645 esse
298 1622 401 1646 factum.
437 1622 471 1645 Et
483 1622 554 1645 nobis
566 1622 627 1652 quid
640 1630 715 1652 super
728 1622 774 1645 hoc
791 1622 899 1645 feceritis
915 1630 959 1652 per
970 1624 1064 1645 vestras
1076 1622 1173 1645 Literas

110 1655 256 1679 rescribatis.
293 1655 429 1679 Couservet
447 1663 490 1678 vos
508 1655 651 1678 Altissimus
669 1662 727 1678 cuni
743 1655 907 1685 prosperitate
919 1654 1038 1678 continua
1050 1657 1076 1678 et
1087 1655 1152 1678 felici
1166 1656 1170 1678 ἔ

110 1687 239 1711 —Datum
253 1688 327 1711 Anno
345 1687 447 1710 Domini
467 1688 481 1710 li
493 1690 504 1702 0
523 1687 619 1711 CCC¹¹³⁰
641 1690 735 1715 octavo,
752 1687 795 1711 xix
814 1687 853 1711 die
870 1687 1133 1717 sunit—Credantur,
1151 1687 1172 1710 si

113 1720 201 1750 placet,
214 1728 288 1751 super
299 1720 346 1743 hoc
364 1720 523 1743 Presencium
536 1720 651 1750 portitori
664 1727 670 1749 ;
689 1719 746 1744 ibid.

143 1777 272 1807 Responsio
284 1776 361 1800 Electi
372 1777 406 1800 acl
417 1777 510 1801 easdem
523 1777 605 1800 Preces
616 1787 657 1801 :—

80 1809 192 1833 Preciare
211 1809 373 1833 Celsitudinis
391 1812 416 1833 et
440 1817 529 1840 magne
552 1810 698 1833 Nobilitatis
722 1810 836 1840 Domine,
855 1810 963 1834 Domine
986 1810 1108 1839 Ysabeile,
1127 1811 1174 1834 Dei

112 1842 193 1872 gracia
209 1842 301 1873 Regine
313 1842 409 1873 Anglie,
422 1843 529 1865 Domine
540 1842 664 1872 Hibernie,
675 1845 700 1866 et
710 1843 813 1866 Ducisse
825 1843 986 1873 Aquitannie,
999 1851 1060 1867 suus
1072 1844 1174 1867 humilis

113 1877 139 1898 et
156 1875 262 1898 devotus
279 1875 433 1905 Capelianus,
447 1875 579 1904 lVaiterus,
591 1875 750 1905 permissione
769 1876 891 1906 Ejusdem
908 1876 1010 1899 Electus
1027 1876 1175 1899 Exoniensis

113 1907 281 1934 confirmatus,
304 1915 361 1930 cum
384 1908 467 1931 votiva
490 1908 629 1931 reverencia
652 1908 768 1931 debitum
791 1908 1073 1932 famulatum-*Vestre
1098 1909 1173 1932 Celsi·

114 1940 209 1963 tudinis
227 1940 329 1969 Literas,
346 1940 467 1970 Episcopo
484 1940 617 1963 Exoniensi
634 1940 748 1970 directas,
765 1948 822 1964 cum
841 1941 979 1964 reverencia
997 1941 1082 1964 debita
1097 1949 1177 1971 nuper

114 1972 258 2003 recepimus,
272 1975 298 1995 et
309 1973 334 1995 in
347 1973 440 1995 eisdem
454 1973 563 1996 vidimus
580 1973 646 1996 inter
663 1973 746 1996 cetera
763 1973 885 1996 contineri
902 1974 970 2004 quod
981 1974 1089 1997 eundem
1103 1974 1174 2004 Epis-

115 2012 205 2035 copum
226 2005 392 2028 Exonicnsem
416 2013 459 2035 pro
483 2005 573 2028 diiecto
600 2008 626 2028 et
649 2005 764 2028 familiari
794 2006 926 2036 Capeliano
955 2008 1044 2035 vestro,
1069 2007 1177 2029 Domino

115 2037 229 2060 Johanne
253 2038 283 2060 de
307 2037 422 2068 Jargoho,
442 2040 523 2061 vestra
547 2038 670 2061 Nobilitas
694 2038 826 2061 affectuose
844 2038 974 2069 requisivit
991 2041 1021 2062 ut
1044 2039 1102 2069 ipse,
1121 2046 1178 2069 erga

115 2070 222 2093 eunden]
236 2070 397 2100 Capelianum
410 2072 522 2093 vestrum
540 2078 629 2093 [nauus
646 2071 803 2094 liberalitatis
820 2073 845 2094 et
857 2071 1029 2094 munificencie
1041 2072 1176 2101 porrigens,

116 2102 196 2125 eidem
208 2103 239 2125 de
252 2103 380 2125 Prebenda
393 2103 419 2125 in
433 2103 541 2126 Ecclesia
552 2111 597 2126 sua
613 2103 764 2132 Cathedrali,
777 2103 815 2126 vel
829 2103 906 2126 eciam
918 2103 943 2126 in
956 2104 1034 2126 altera
1045 2104 1179 2127 sufficienti

118 2134 261 2165 Collegium,
274 2135 461 2167 quamprimum
477 2136 509 2159 ad
527 2135 553 2159 id
569 2136 690 2168 optulerit
701 2144 727 2159 se
739 2136 853 2166 facultas,
866 2136 1011 2166 dignaretur
1024 2136 1112 2160 vestris
1124 2144 1176 2169 pre-
