1328 2295
113 144 185 181 306
300 156 375 189 ΤΗΕ
401 156 586 183 REGISTER
612 156 660 182 or
686 156 828 182 BISHOP
855 155 1090 182 s'rAPELDON.

204 231 317 260 quociens
339 232 419 255 locum
437 233 584 255 mutaverint
607 233 698 255 tociens
713 232 780 255 Iocus
796 233 826 255 ad
842 239 912 261 quem
929 232 1077 260 accesserint,
1096 231 1183 254 omisso
1198 230 1273 259 priori

203 262 384 314 nomifigzurssula
399 263 428 285 de
443 263 587 292 Stapeldone
604 263 675 285 Halle
692 263 812 285 occasione
829 262 947 285 dictorum
963 262 1095 284 Scolarium
1113 260 1272 284 communiter

205 297 265 320 appe
341 309 346 315 .

448 338 496 378 ὗε
512 338 720 372 OExhihicione
734 338 929 378 §colai-ium.

174 384 300 415 Percipiat,
313 388 402 415 autem,
415 387 518 416 quilibet
528 387 637 415 Scolaris,
651 387 713 409 inter
728 394 788 416 quos
804 388 943 409 numeretur
954 386 1017 408 idem
1030 385 1156 413 Presbiter,
1170 384 1271 413 singulis

204 416 344 444 septimanis
355 416 438 439 decem
449 417 556 439 denarios
572 424 615 445 pro
626 423 758 444 communa,
772 418 796 438 et
811 416 933 445 predictus
945 416 1031 438 Rector
1047 416 1110 438 ultra
1120 421 1272 437 communam

205 445 336 476 predictam
355 446 439 475 viginti
458 446 555 474 solidos,
576 448 600 468 et
617 446 680 468 idem
704 446 819 468 Presbiter
836 446 922 474 viginti
940 446 1037 474 solidos,
1050 447 1074 467 et
1093 445 1195 474 quilibet
1211 444 1272 466 alius

206 475 307 497 Scolaris
318 475 398 497 decem
410 476 506 504 solidos,
520 476 587 498 annis
603 476 711 504 singulis,
724 475 874 504 temporibus
886 474 1009 498 secuturis.
1043 475 1078 497 De
1089 475 1178 503 quibus
1189 480 1236 495 non
1248 473 1272 495 in

207 504 325 533 principio
343 507 378 527 set
397 506 421 527 in
438 505 484 527 fine
499 506 562 533 anni,
575 505 686 527 videlicet
697 506 722 527 in
738 507 852 527 consueta
862 505 1025 534 resumpcione
1038 505 1206 533 magistrorum
1217 503 1273 532 post

206 534 303 556 Festum
315 534 395 556 Sancti
407 535 538 562 Michaelis,
552 535 639 557 eisdem
651 535 756 563 plenarie
767 535 869 557 satisfiat
879 542 884 562 ;
901 534 945 556 hoc
957 534 1049 563 adjecto
1060 534 1132 562 quod,
1146 534 1166 555 si
1178 533 1271 560 Rector,

206 563 333 592 Presbiter,
352 564 389 586 vel
410 564 485 593 aliqui
505 565 546 586 alii
564 564 676 592 Scolares,
695 571 742 586 non
763 571 805 593 per
821 571 908 586 annum
931 564 1057 592 integrum,
1076 565 1112 585 set
1130 563 1210 585 forsan
1231 569 1273 591 per

205 592 315 615 nltimam
332 596 424 622 partem
440 594 495 616 anni
512 594 536 616 in
552 594 602 616 suis
614 594 695 616 officiis
710 594 798 616 ibidem
810 600 900 615 moram
911 594 1036 621 traxerint,
1048 600 1091 622 pro
1103 594 1155 614 rata
1166 592 1272 620 ejusdem

205 623 319 651 temporis
338 623 393 645 inde
412 623 457 645 sibi
477 624 585 652 satisfiat,
603 624 714 652 porcione
730 623 796 645 illius
815 623 857 652 qui
879 625 934 645 aute
954 624 1024 645 finem
1043 623 1098 644 anni
1119 622 1215 644 cesserit
1234 621 1272 643 vel

206 651 340 681 decesserit,
360 653 398 675 vel
423 653 481 675 alias
503 654 597 675 alnotus
624 654 704 680 fuerit,
728 653 758 675 ad
780 660 929 675 communem
952 652 1083 674 utilitatem
1105 651 1270 678 convertenda,

205 683 331 704 reservata.
373 683 411 710 Et,
435 685 463 705 ut
486 683 545 705 dieti
567 683 672 705 Scolares
696 683 786 705 Demos
811 689 869 711 quas
895 682 1031 704 inhabitant
1053 682 1157 704 habeant
1183 681 1272 709 absque

206 718 281 733 onerer
292 711 379 734 liberas
398 713 422 734 et
433 714 533 741 quietas,
547 713 576 735 ad
595 713 701 741 ipsarum
713 713 835 734 Domuum
852 713 1026 740 reparacionem
1038 713 1062 733 et
1073 710 1273 733 sustentacionem

206 742 358 763 convertatur
373 742 458 764 Pensio
475 742 537 764 Aule
554 742 583 764 (le
600 742 735 770 Herthalle,
753 742 812 770 ipsis
832 742 967 764 Scolaribus
984 741 1144 770 appropriate,
1163 739 1272 762 deductis

204 770 271 799 prius
283 771 392 793 oneribus
404 773 428 793 et
439 773 615 794 sustentacione
627 772 734 799 ejusdem
746 772 815 794 Aule.
850 772 939 799 Cetera,
953 778 1015 799 vero,
1028 773 1077 792 tam
1090 769 1188 792 mobilia
1200 776 1273 798 quam

207 800 340 822 immobilia
355 801 444 823 eisdem
455 801 590 824 Scolaribus
606 801 700 828 collata,
713 801 750 823 vel
766 808 812 830 que
828 801 979 823 conferentur
990 807 1003 822 a
1015 800 1104 822 Christi
1116 799 1239 821 Fidelibus
1250 799 1275 820 iu

205 829 322 858 futurum,
336 831 360 852 et
376 831 496 853 residuum
509 831 631 853 Pensionis
642 831 748 860 predicte
760 831 821 852 Aule
837 831 866 852 de
878 830 1025 857 Hertehalle,
1039 829 1059 852 si
1075 829 1139 858 quod
1150 828 1230 856 fuerit,
1243 828 1274 850 ad

205 859 311 888 ipsorum
323 861 532 889 sustentacionem,
546 862 574 883 ut
586 861 741 890 premittitur,
755 860 923 882 custodiantur
934 861 964 888 et,
978 860 1060 887 eciam,
1074 859 1249 881 convertantur.

474 906 522 946 3030
537 906 702 946 gthssmtria
717 906 916 946 §calatium

175 952 280 982 Habeat,
302 955 389 983 autem,
414 955 516 984 quilibet
539 962 620 978 eorum
643 957 739 984 tempus
760 958 863 984 quatuor
884 955 1080 984 septimanarum,
1104 953 1215 976 continue
1236 953 1274 975 vel

205 984 386 1012 interponam,
395 992 437 1014 per
448 992 544 1013 anuum,
558 985 587 1007 ad
599 986 746 1007 visitandum
757 986 845 1007 amicos
857 986 881 1007 et
892 986 1002 1013 parentes
1013 991 1077 1012 suoS,
1088 985 1112 1006 et
1123 983 1170 1005 alia
1180 983 1276 1011 negocia

205 1020 249 1035 sua
259 1014 414 1043 disponendo,
427 1015 447 1037 si
458 1015 560 1037 voluerit
572 1022 577 1041 ;
594 1016 624 1043 et,
638 1017 744 1044 tempore
756 1015 894 1043 hujusmodi
906 1014 1021 1042 absencie,
1034 1014 1150 1042 pereipiat
1161 1013 1223 1035 sicut
1234 1013 1277 1035 alii

205 1043 310 1065 Scolares
328 1045 386 1066 tunc
402 1046 530 1072 presentes.
564 1044 595 1071 Si,
610 1051 672 1072 vero,
686 1051 729 1073 per
739 1045 849 1066 diffusius
865 1046 968 1073 tempus,
982 1051 1011 1066 ex
1027 1050 1177 1072 quacumque
1194 1049 1272 1070 causa,

205 1073 280 1095 eciam
296 1075 426 1096 necessaria
437 1074 474 1096 vel
490 1074 616 1102 probabili,
630 1074 714 1096 absens
731 1074 810 1102 fuerit,
830 1081 873 1102 pro
889 1076 996 1102 tempore
1013 1073 1151 1101 hujusmodi
1167 1072 1275 1094 absencie

205 1102 271 1125 ultra
285 1103 404 1131 predictas
420 1105 525 1132 quatuor
540 1104 685 1132 septimanas
701 1104 731 1126 ab
747 1103 886 1131 hujusmodi
903 1103 1056 1132 percepcione
1072 1103 1104 1125 sit
1120 1102 1238 1129 exclusus,
1252 1103 1276 1123 ct

205 1132 286 1161 porcio
305 1140 318 1154 a
335 1140 381 1162 qua
399 1133 536 1155 excluditur
553 1134 673 1155 communi
692 1133 794 1155 utilitati
815 1134 932 1155 accrescat
950 1132 1081 1155 Scolarium
1120 1132 1272 1154 redictorum.

206 1162 260 1190 Qui,
272 1169 335 1191 vero,
344 1169 386 1191 per
394 1163 500 1192 quinque
508 1170 599 1185 menses
606 1164 631 1185 iu
639 1170 708 1191 anno,
717 1164 828 1185 continue
836 1163 872 1185 vel
879 1162 1050 1191 interpollatim
1059 1139 1118 1191 (9ῐεῖ
1128 1168 1156 1183 ex
1163 1168 1275 1190 quacum—

207 1198 253 1220 que
271 1198 341 1214 causa
358 1194 457 1221 excepta
474 1193 540 1221 gravi
557 1193 703 1220 infirmitate,
716 1195 744 1214 ut
761 1193 918 1221 premittitur,
931 1199 955 1214 se
971 1192 1081 1214 absentat
1093 1191 1123 1213 ab
1139 1191 1204 1213 omni
1221 1191 1276 1219 jure

206 1221 271 1250 quod
288 1221 373 1244 habuit
392 1222 416 1244 iu
434 1222 551 1245 Societate
568 1224 592 1244 et
609 1223 672 1244 Aula
688 1222 810 1251 predictis,
831 1223 883 1251 ipso
897 1222 951 1250 jure
969 1222 1001 1243 sit
1017 1222 1133 1250 privatus.
1186 1220 1273 1248 Possit,

206 1253 294 1279 tamen,
308 1258 335 1273 eo
354 1258 401 1273 non
421 1252 538 1277 obstante.
552 1252 638 1274 iterato
656 1252 711 1280 eligi
728 1254 752 1274 et
770 1252 851 1280 prefici
871 1251 967 1279 ibidem,
986 1251 1011 1273 iu
1028 1251 1113 1273 Forma
1127 1250 1242 1279 predicta,
1256 1250 1276 1271 si

179 1280 182 1283 “
206 1281 294 1302 eisdem
313 1281 448 1303 Scolaribus
467 1282 492 1303 id
513 1282 635 1304 videbitur
652 1282 796 1304 faciendum.
830 1281 931 1309 Absens,
949 1286 1037 1309 tamen,
1054 1287 1097 1309 pro
1109 1279 1276 1302 communibus

206 1311 317 1339 negociis,
347 1311 376 1333 de
405 1312 526 1333 communi
543 1318 665 1339 consensu,
687 1318 734 1333 non
751 1311 835 1333 absens
852 1312 888 1333 set
908 1317 1012 1340 presens,
1034 1311 1152 1339 quantum
1173 1309 1204 1332 ad
1224 1316 1276 1338 per-

206 1340 322 1368 cipienda,
335 1340 406 1363 debet
417 1347 464 1363 non
475 1341 594 1363 immerito
605 1341 720 1370 reputari.

127 1384 175 1427 ξε
190 1384 431 1426 §abrogatione
446 1387 608 1427 Ξξῖειεῒοτὶε,
624 1389 672 1419 nrt
686 1386 848 1427 §coluris
865 1387 1003 1418 februtis
1018 1386 1065 1418 nel
1080 1385 1262 1418 humentis.

175 1437 287 1467 Cedente,
300 1446 363 1467 vero,
382 1439 517 1468 decedente,
535 1440 572 1462 vel
590 1440 648 1462 alias
666 1441 771 1462 ammoto
784 1440 882 1462 Hectore
902 1439 1017 1468 predicto,
1031 1439 1068 1461 vel
1085 1439 1166 1467 aliquo
1182 1438 1229 1460 alio
1246 1438 1275 1460 de

206 1469 295 1491 eisdem
316 1469 459 1497 Scolaribus,
487 1477 636 1498 quacumque
667 1470 725 1491 hora
751 1470 807 1492 anni
833 1470 895 1491 inter
924 1471 1061 1491 consuetam
1088 1468 1277 1497 resumpcionem

207 1498 377 1527 Magistrorum
393 1500 449 1528 post
460 1499 558 1521 Festum
570 1499 650 1521 Sancti
662 1499 785 1521 Michaelis
801 1500 825 1521 et
841 1499 997 1521 cessaciouem
1014 1498 1142 1520 eorundem
1153 1499 1207 1520 ante
1218 1499 1277 1520 tunc

207 1534 308 1557 sequens
320 1529 417 1551 Festum
429 1529 510 1551 Sancti
523 1529 586 1551 Petri
598 1529 629 1551 ad
640 1529 750 1557 Vincula,
764 1529 826 1551 infra
838 1530 891 1551 octo
902 1529 952 1551 dies
964 1528 1025 1550 :ilius
1037 1528 1061 1550 in
1072 1528 1150 1550 locum
1163 1527 1276 1555 cedentis,

208 1557 351 1586 decedentis,
380 1558 417 1580 vel
443 1559 550 1587 ammoti,
578 1559 602 1580 in
629 1559 705 1580 forma
730 1559 837 1587 predicta
863 1559 1011 1587 subrogetur.
1053 1558 1101 1586 Set,
1130 1557 1150 1579 si
1170 1558 1278 1586 tempore

208 1587 348 1610 Vacacionis
369 1588 549 1616 AutumpnaliS,
572 1588 683 1610 videlicet
700 1588 762 1610 inter
778 1588 910 1617 predictam
929 1588 1085 1610 cessacionem
1107 1587 1278 1616 Magistrorum

210 1618 265 1639 ante
281 1617 379 1639 Festum
396 1618 464 1639 Beati
481 1618 545 1640 Petri
565 1618 595 1640 ad
614 1618 717 1640 Vincula
735 1619 759 1640 et
777 1620 915 1640 consuetam
932 1617 1120 1646 rcsumpcionern
1139 1618 1277 1645 sequentem

209 1649 265 1676 post
277 1647 373 1669 Festum
387 1647 467 1669 Sancti
480 1647 610 1675 Michaelis,
624 1648 682 1676 quid
698 1647 745 1669 tale
762 1648 891 1676 contingat,
904 1649 1044 1676 expectetur
1058 1648 1154 1675 tempus
1166 1647 1278 1668 consuete

209 1677 381 1705 resumpcionis
392 1678 447 1706 post
458 1677 555 1699 Festum
568 1677 648 1699 Sancti
660 1677 790 1704 Michaelis,
804 1679 932 1705 antequam
948 1677 1010 1699 alius
1024 1676 1173 1705 subrogetur.
1206 1675 1245 1703 Et,
1259 1675 1279 1697 si

209 1707 297 1729 Rector
307 1707 413 1735 tempore
425 1706 487 1728 dicte
495 1707 634 1728 Vacacionis
646 1707 742 1729 cesserit
753 1707 790 1729 vel
802 1707 935 1735 decesserit,
945 1706 1066 1735 antiquior
1077 1706 1187 1733 Scolaris,
1199 1712 1276 1734 usque

211 1736 242 1758 ad
258 1737 354 1764 tempus
370 1736 433 1758 dicte
449 1737 620 1765 resumpcionis
637 1738 661 1758 et
677 1737 830 1765 prefeccionis
846 1737 901 1758 novi
914 1736 1028 1763 Rectoris,
1041 1737 1107 1764 gerat
1118 1735 1180 1757 vices
1191 1735 1276 1763 ipsius,

211 1767 236 1788 et
246 1767 334 1788 extunc
346 1766 375 1788 ad
386 1766 581 1794 subrogacioncm
592 1766 690 1788 alterius
702 1766 816 1793 Rectoris,
830 1766 938 1793 Scolaris,
952 1766 989 1787 vel
1000 1765 1140 1793 Scolarium,
1153 1764 1215 1786 infra
1226 1766 1279 1787 octo

211 1796 269 1824 dies,
282 1795 308 1817 in
320 1796 405 1817 Forma
415 1796 529 1824 predicta,
544 1795 685 1824 procedatur
696 1803 701 1823 3
718 1802 742 1818 et
753 1796 903 1824 intelligatur
914 1795 1035 1824 antiquior
1047 1795 1153 1823 ejusdem
1165 1795 1242 1816 status
1254 1794 1279 1816 in

212 1825 277 1847 omni
288 1832 344 1847 casu
355 1832 402 1847 non
413 1826 484 1852 etate,
497 1827 533 1847 set
544 1825 586 1854 qui
597 1825 698 1853 diucius,
712 1832 725 1847 a
741 1826 847 1854 tempore
863 1825 1006 1854 recepcionis
1022 1831 1064 1847 sue
1080 1824 1173 1852 ultime,
1186 1824 1280 1846 steterit

211 1855 237 1877 in
255 1854 373 1877 Societate
392 1854 522 1877 Scolariuni
541 1855 710 1883 predictorum.
754 1855 800 1883 Ita,
820 1856 908 1883 tamen,
929 1854 993 1884 quod
1015 1854 1129 1883 Magister
1145 1853 1278 1882 Baeulario,

212 1884 353 1906 Bacularius
369 1891 424 1906 vero
443 1884 561 1913 Sophiste,
582 1885 607 1906 in
624 1885 688 1906 omui
707 1891 771 1912 casu,
788 1885 928 1913 preferatur.
963 1884 1032 1911 Item,
1051 1884 1131 1912 caligis
1148 1883 1229 1912 nigris,
1243 1883 1281 1905 vel

211 1914 278 1943 nigro
290 1914 411 1942 proximis,
426 1916 527 1936 utantur
537 1922 542 1942 ;
560 1916 584 1936 et
595 1915 619 1936 iu
631 1914 742 1936 omnibus
753 1914 805 1936 aliis
821 1914 927 1936 moribus
938 1914 1055 1936 honestati
1069 1913 1170 1935 clericali
1182 1913 1277 1941 singuli,

212 1944 345 1966 secundum
369 1944 459 1965 statum
477 1950 556 1971 suum,
580 1951 604 1965 se
622 1944 776 1966 conforment.
821 1944 914 1966 Secreta
933 1944 1023 1965 Domus
1044 1943 1069 1965 in
1091 1943 1222 1971 dampnum
1242 1942 1280 1964 vel

212 1973 359 2001 vituperium
380 1973 564 1995 Comnnmitatis
585 1973 714 1995 eorundem
732 1973 870 2002 Scolarium,
894 1973 932 1995 vel
953 1973 1054 2001 alicujus
1075 1972 1189 2001 ipsorum,
1213 1972 1279 1994 extra

213 2002 414 2026 Communitatcm
425 2003 507 2025 nullus
518 2003 613 2025 revelet.

502 2048 550 2088 ΞζΙε
565 2049 667 2088 gauno
683 2049 900 2088 iflmhzttionis.

185 2098 266 2125 Porro,
279 2097 312 2119 sic
324 2097 421 2119 admissi
432 2097 537 2119 Scolares
549 2098 594 2119 sub
606 2097 750 2120 Probacione
762 2099 898 2120 remaneant
914 2098 1003 2120 ibidem
1015 2104 1057 2126 per
1068 2104 1156 2120 anuum
1167 2096 1280 2126 plenum3

212 2134 261 2157 quo
279 2127 353 2156 finito,
372 2127 392 2149 si
409 2134 456 2149 non
467 2127 560 2157 placeat
578 2127 672 2149 duabus
683 2128 793 2157 partibus
809 2128 911 2150 aliorum
927 2127 1058 2151 Scohuium
1076 2127 1142 2158 quod
1160 2127 1282 2150 morentur
