1328 2295
124 147 170 185 78

102 1304 139 1324 fol.
147 1311 170 1323 22

306 161 385 187 THE
411 161 596 188 REGISTER
621 161 670 188 OF
695 161 835 189 BISHOP
863 161 1088 189 STAPELDON.

219 248 316 272 nariam
327 248 354 272 in
367 248 456 272 Libera
469 248 569 279 Capella
580 248 655 278 Regis
667 248 698 272 de
709 248 833 272 Boseham
850 248 992 278 aliqualiter
1003 250 1135 278 exerceret,
1149 248 1280 272 asserendo

219 281 245 304 in
266 281 353 304 eadem
374 281 546 304 Prohibicione
566 281 684 304 assertive
704 281 840 305 Ecclesiam
860 281 930 305 illam
950 289 1002 305 esse
1021 282 1135 305 Liberam
1154 281 1280 312 Capellam

217 314 299 344 Regis,
317 316 372 343 etc.,
400 314 467 337 idem
490 314 635 344 Episcopus,
655 316 749 344 postea,
771 314 797 337 in
821 314 934 344 proximo
957 314 1126 338 Parliamento
1147 316 1274 344 sequente,

216 347 284 377 apud
302 347 442 369 Eboracum
460 348 601 375 convocato,
614 346 639 369 in
654 348 757 370 tantum
775 347 974 377 prosequebatur
989 355 1032 378 per
1049 347 1209 376 Peticionem,
1222 349 1277 376 etc„

215 379 283 409 quod
296 379 436 402 Prohibicio
449 379 491 402 illa
503 386 547 409 per
560 379 705 407 Consilium,
718 381 763 402 etc.
783 379 834 402 fuit
845 382 967 409 revocata,
981 382 1007 403 et
1018 379 1116 403 dictum
1128 382 1182 403 erat
1195 379 1275 403 eidem

216 412 338 442 Episcopo
356 412 430 441 quod,
450 419 501 435 non
518 411 634 435 obstante
655 411 827 435 Prohibicione
845 412 956 442 predicta
973 412 1099 442 assertive,
1116 412 1184 442 quod
1201 419 1277 435 suum

215 446 281 468 esset
299 444 325 467 in
342 444 389 467 hac
409 447 480 474 parte
500 446 666 473 exequeretur
686 452 731 474 per
751 444 829 467 Breve
847 444 954 475 Regium
971 445 1002 468 de
1019 445 1177 469 revocacione
1194 445 1275 468 eidem

214 477 336 507 Episcopo
354 477 486 505 directum,
505 477 572 506 quod
593 477 688 507 profert
708 477 733 499 in
752 477 828 501 Curia
844 477 885 500 hic
901 477 927 500 in
945 478 991 501 hec
1008 477 1275 506 verba:—Edwardus,

213 510 262 533 Dei
278 509 367 540 gracia,
381 511 436 538 etc„
449 509 566 537 Johanni,
577 509 663 532 eadem
680 509 760 539 gracia
777 509 898 540 Episcopo
917 510 1039 538 Cicestrie,
1054 510 1276 534 salutem.—Licet

212 550 293 573 nuper
305 542 363 565 dato
376 542 447 565 nobis
459 542 566 572 intelligi
579 542 741 572 Capellariam
753 542 784 565 de
798 542 929 571 Boseham,
939 549 1015 572 quam
1027 543 1181 566 Venerabilis
1192 543 1274 572 Pater⁷

211 575 346 604 Walterus,
371 575 520 598 Exoniensis
543 574 688 605 Episcopus,
712 577 784 598 tenet
807 575 890 604 quoad
911 575 1029 604 Chorum,
1052 575 1199 606 Collegium,
1218 575 1273 599 Col-

211 608 319 632 laciones
361 607 593 636 Prebendariorum,
632 607 827 636 InstallacioneS,
863 608 1049 636 Instituciones,
1086 608 1273 632 Destituciones

211 640 394 665 Canonicorum
419 640 498 670 ipsius
523 640 665 670 Capellarie,
692 642 717 663 et
744 642 869 669 quantum
894 641 925 663 ad
954 648 1070 671 personas
1090 641 1273 665 Canonicorum

211 673 364 702 eorumdem,
377 680 473 696 necnon
489 672 555 696 bona
571 673 672 696 mobilia
688 675 714 696 et
730 673 869 696 immobilia
885 673 997 703 ipsorum
1013 674 1045 697 ad
1061 674 1203 697 Prebendas
1215 681 1272 697 suas

209 706 371 738 pertinencia,
383 713 443 735 esse,
460 705 557 734 debere,
571 708 597 729 et
613 706 644 728 ab
661 705 766 735 antiquo
783 705 860 729 fuisse
879 706 1000 734 Liberam,
1013 708 1040 729 et
1056 706 1088 730 ab
1105 706 1174 730 omni
1191 706 1271 730 Juris-

210 739 320 763 diceione
337 738 467 762 Ordinaria
480 738 620 762 immunem
635 740 661 761 et
676 740 826 768 exemptam,
841 738 911 761 vobis
927 746 971 769 per
987 739 1066 762 Breve
1081 741 1198 762 nostrum
1214 747 1269 769 pro-

209 772 365 796 hibuerimus
377 779 409 794 ne
426 771 488 800 quid
504 771 529 794 in
543 771 710 801 prejudicium
722 771 813 801 prefati
825 771 942 801 Episcopi
954 779 997 794 seu
1010 771 1147 802 Capellarie
1159 772 1270 802 predicte

209 807 254 829 aut
266 804 384 828 lesionem
399 804 523 827 libertatis
538 812 582 827 seu
598 803 767 827 immunitatis
785 803 899 834 ejusdem
916 804 1002 827 cedere
1018 806 1102 834 posset
1120 812 1195 835 super
1214 812 1268 835 pre-

208 838 290 862 missis
311 845 354 868 per
374 844 425 865 vos,
446 844 490 860 seu
514 844 558 867 per
581 836 709 859 ministros
733 839 835 865 vestros,
856 836 998 866 aliqualiter
1016 837 1202 867 attemptaretis
1224 845 1268 860 seu

207 870 354 900 attemptari
366 869 481 892 faceretis
492 869 698 893 Jurisdiccionem
712 869 869 892 Ordinariam
882 870 1018 893 exercendo
1036 870 1060 893 in
1078 870 1165 893 eadem
1176 877 1181 898 ;
1201 870 1267 900 quia,

207 906 301 932 tamen,
322 903 353 926 ad
373 902 526 925 Peticionem
545 904 654 925 vestram
677 909 761 925 coram
779 902 851 925 nobis
871 904 897 925 et
919 902 1027 925 Consilio
1047 904 1133 926 nostro
1155 903 1268 933 predicto

206 936 352 963 exhibitam,
371 935 458 958 habita
477 942 559 958 coram
582 934 653 957 nobis
674 936 700 957 et
724 934 832 958 Consilio
849 935 961 965 predicto
980 943 1055 965 super
1076 937 1163 958 tenore
1182 935 1268 959 Brevis

206 968 311 1000 predicti
322 967 501 991 deliberacione
513 967 625 997 pleniori,
635 969 792 997 compertum
804 969 841 990 est
855 968 922 996 quod
935 968 1012 990 Breve
1024 967 1087 991 illud
1099 968 1147 991 sub
1156 968 1269 991 indebita

206 1004 233 1025 et
248 1002 334 1032 inepta
349 1000 436 1029 forma,
449 1000 475 1023 in
485 1000 532 1023 hoc
543 1000 652 1023 maxime
664 1000 732 1029 quod
746 1000 908 1030 Capellariam
921 1000 1065 1030 predictam,
1082 1008 1132 1024 non
1149 1001 1175 1023 in
1188 1008 1266 1024 manu

205 1036 288 1058 vestra
303 1036 342 1057 set
357 1033 447 1064 prefati
460 1033 575 1063 Episcopi
588 1032 744 1061 existentem,
758 1033 861 1055 liberam
873 1032 904 1056 ab
920 1033 989 1056 omni
1000 1033 1016 1056 J
1018 1033 1181 1057 urisdiccione
1195 1033 1266 1057 Ordi-

204 1067 274 1091 naria
290 1067 431 1089 immunem
447 1068 473 1088 et
490 1067 633 1096 exemptam
650 1065 809 1094 asseruimus,
823 1068 854 1088 ut
871 1067 909 1088 est
923 1065 1027 1095 dictum,
1042 1068 1191 1096 conceptum
1205 1068 1265 1096 erat,

204 1101 283 1124 Breve
295 1099 359 1122 illud
371 1106 514 1122 revocamus
527 1100 552 1121 et
564 1098 666 1128 penitus
678 1098 844 1121 adnullamus.
854 1098 923 1121 vobis
935 1098 1119 1122 innotescentes
1131 1099 1205 1128 quod,
1215 1106 1266 1122 non

204 1133 320 1156 obstante
333 1131 505 1154 prohibicione
518 1134 588 1154 nostr
589 1139 603 1154 -ι
614 1131 733 1161 predicta,
746 1131 813 1160 quod
825 1133 937 1154 vestrum
954 1139 980 1154 es
981 1133 993 1154 t
1011 1131 1163 1161 exequimini
1178 1131 1205 1154 in
1220 1131 1266 1155 hac

204 1167 282 1196 parte.
285 1165 391 1188 -Teste
410 1164 512 1194 meipso,
528 1164 594 1193 apud
613 1163 872 1192 Westmonastelium,
890 1163 959 1194 xxvij
977 1164 1016 1187 die
1037 1164 1171 1193 Februaiii,
1191 1164 1265 1187 Anno

203 1198 283 1228 Regni
294 1197 374 1220 nostri
386 1199 472 1220 octavo
485 1196 570 1225 [1314-
574 1195 622 1226 15].
654 1196 689 1219 Et
700 1196 761 1219 dicit
774 1196 841 1225 quod
851 1196 962 1226 predicta
978 1196 1087 1220 Ecclesia
1099 1197 1129 1220 de
1142 1197 1265 1220 Boseham

202 1233 240 1255 est
255 1230 364 1254 Ecclesia
377 1229 526 1253 Paioehialis
544 1229 610 1252 anim
613 1229 674 1252 abus
692 1231 777 1252 curzati
794 1229 859 1251 infra
876 1229 1000 1252 Diocesim
1018 1229 1123 1259 predicti
1141 1229 1264 1260 Episcopi,

202 1264 268 1292 Loci,
278 1262 403 1287 Ordinaiii
415 1264 462 1285 etc.
476 1269 549 1291 ;que,
561 1261 671 1291 quidem,
682 1261 791 1284 Ecclesia
801 1269 851 1284 11011
864 1264 902 1284 est
915 1262 1003 1285 Libera
1015 1262 1112 1292 Capella
1126 1262 1207 1293 Regis,
1217 1270 1263 1285 nec

186 1296 329 1320 .D0minus
342 1296 395 1318 Rex
413 1280 507 1324 aliqu'id
522 1294 598 1317 habet
615 1294 640 1317 in
656 1295 748 1317 ebidem
784 1294 818 1317 Et
830 1294 891 1317 dicit
903 1294 970 1323 quod
986 1294 1046 1331 ipse,
1064 1295 1095 1318 ad
1114 1294 1263 1318 Mandatum

203 1329 308 1360 predicti
321 1327 437 1358 Episcopi
449 1330 479 1350 ut
495 1327 549 1357 ejus
567 1327 689 1355 Officialis
703 1329 760 1354 etc.
774 1335 787 1349 a
799 1329 911 1357 tempore
926 1327 1089 1350 ievocacionis
1105 1327 1223 1357 predicte,
1235 1327 1262 1351 in

203 1361 313 1385 Ecclesia
324 1360 442 1391 predicta,
456 1362 485 1383 ut
497 1360 522 1382 in
537 1360 625 1385 Choro
638 1359 853 1387 131οὒ011615,Ἶοῒο
873 1360 910 1388 (ut
930 1359 1018 1390 suffla)
1030 1362 1060 1383 ut
1072 1360 1102 1383 de
1114 1360 1177 1383 Jure
1190 1360 1262 1383 Com-

201 1395 273 1418 muni
291 1394 407 1431 pertinet,
424 1385 704 1422 01ιο.,.111115(110010110111
721 1376 878 1415 Ordinaiiam
892 1392 985 1415 ibidem
1002 1392 1121 1421 exercuit,
1138 1395 1164 1416 et
1180 1393 1263 1416 adhue

201 1429 300 1451 exercet
311 1427 337 1450 in
350 1425 476 1456 presenti·
471 1444 476 1453 ‚
495 1426 561 1448 unde
574 1433 623 1448 non
645 1425 756 1448 intendit
773 1425 840 1455 quod
858 1425 982 1448 Dominus
1002 1425 1055 1448 Rex
1071 1425 1102 1448 de
1114 1425 1263 1456 hujusmodi

200 1461 266 1483 facto
279 1460 361 1490 ipsum
380 1458 534 1482 occasionare
549 1465 591 1480 seu
610 1459 785 1488 contemptum
802 1457 823 1480 ei
840 1457 968 1494 imponere
985 1457 1054 1485 velit,
1069 1459 1114 1481 aut
1129 1458 1220 1481 debeat
1235 1458 1262 1482 in

198 1493 244 1516 hac
261 1494 336 1522 parte.
373 1492 408 1514 Et
425 1499 499 1521 super
516 1490 563 1513 hoc
580 1490 707 1520 predictus
722 1490 810 1518 Adam,
824 1490 867 1519 qui
883 1490 1004 1519 sequitur,
1017 1492 1071 1519 etc„
1087 1490 1178 1521 petivit
1193 1491 1261 1520 quod

199 1525 327 1556 quesitum
345 1524 379 1548 sit
395 1532 410 1547 a
424 1523 535 1554 predicto
553 1523 662 1546 Roberto
680 1523 700 1545 si
718 1522 780 1552 quid
797 1509 866 1546 {iliud
886 1523 948 1546 velit
963 1523 1044 1546 dicere
1061 1531 1105 1560 pro
1124 1531 1259 1554 responso;

198 1558 242 1589 qui
265 1558 327 1581 dicit
349 1557 418 1587 quod
441 1564 466 1579 se
488 1558 560 1579 tenet
582 1556 613 1578 ad
637 1555 774 1586 predictam
797 1555 983 1586 iesponsionem
1006 1556 1106 1586 precise,
1129 1558 1175 1579 etc.
1226 1556 1261 1579 Et

197 1591 325 1621 predictus
337 1590 426 1619 Adam,
445 1591 500 1617 eto,
513 1588 574 1612 dicit
592 1589 660 1618 quod
677 1588 734 1611 licet
752 1588 891 1611 Prohibicio
909 1588 1021 1618 predicta
1037 1596 1112 1619 super
1123 1589 1259 1612 assercione

194 1623 317 1647 libertatis
327 1622 426 1653 Capelle
436 1621 546 1652 predicte
556 1623 620 1644 esset
629 1629 671 1644 1οι
673 1623 750 1649 ocula,
760 1623 790 1643 ut
803 1621 944 1651 predictum
953 1623 998 1650 est,
1006 1616 1077 1644 nulla
1085 1623 1170 1644 tamen
1180 1621 1196 1645 J
1198 1629 1260 1645 urls

195 1656 288 1680 diceio
281 1655 329 1693 ipsi
338 1655 459 1686 Episcopo
470 1654 576 1677 accrevit
585 1662 613 1677 eo
621 1654 728 1684 amplius
738 1653 862 1682 usitanda,
875 1656 913 1676 set
920 1639 1040 1677 remansit
1053 1654 1079 1677 in
1091 1654 1178 1677 eodem
1190 1656 1259 1678 statu

195 1697 245 1720 quo
261 1689 330 1719 prius
351 1690 409 1711 ante
429 1687 613 1710 revocacionem
633 1686 771 1717 predictam
790 1688 835 1709 etc.
870 1686 946 1716 Dicit,
965 1686 1049 1715 eciam,
1071 1687 1139 1717 quod
1155 1687 1259 1717 quidam

195 1722 314 1752 Magister
338 1721 463 1744 Robertus
490 1720 521 1743 de
545 1720 643 1750 Leyset,
667 1719 794 1749 quondam
824 1718 1020 1742 Archidiaconus
1050 1719 1174 1749 Cicestrie,
1198 1719 1258 1743 alias

194 1762 277 1778 coram
297 1753 406 1777 Domino
427 1753 500 1782 Rege,
522 1752 638 1775 Te1mino
655 1751 745 1775 Sancte
763 1751 900 1779 Trinitatis,
913 1751 987 1774 Anno
1005 1751 1085 1782 Regni
1101 1752 1175 1782 Regis
1190 1760 1258 1776 nunc

194 1795 260 1811 nono
279 1785 365 1817 [1316]
383 1785 536 1809 attachiatus
552 1784 603 1808 fuit
621 1784 652 1807 ad
668 1784 869 1814 respondendum
888 1770 950 1814 Regi
966 1784 997 1807 de
1012 1784 1136 1807 consimili
1154 1784 1256 1814 Placito,

193 1819 308 1843 videlicet
329 1819 360 1842 de
378 1826 406 1841 eo
427 1818 494 1847 quod
514 1818 566 1848 ipse
590 1817 658 1840 Juris
661 1817 796 1840 dicciouem
818 1816 974 1840 Ordinariain
997 1816 1023 1839 in
1044 1817 1134 1840 Libera
1155 1817 1255 1848 Capella

193 1852 268 1883 Regis
279 1851 391 1882 predicta
406 1850 522 1881 precipue
540 1850 623 1879 quoad
642 1849 760 1878 Chorum,
773 1851 818 1873 etc.
839 1849 876 1878 (ut
891 1857 950 1879 supi
951 1848 976 1878 a)
993 1849 1122 1878 exercuit;
1140 1850 1172 1873 ad
1187 1850 1255 1880 quod

192 1885 260 1908 idem
280 1883 477 1907 Archidiaconus
497 1882 670 1913 respondendo
686 1881 802 1912 allegavit
818 1881 903 1911 quod·
896 1889 956 1912 ipse,
972 1884 998 1905 et
1014 1882 1198 1912 predecessores
1215 1883 1255 1906 sui

194 1919 249 1947 etc„
266 1925 281 1940 a
297 1919 410 1946 tempore
427 1923 477 1946 quo
494 1923 544 1938 non
562 1917 632 1938 extat
650 1915 776 1939 memoria.
795 1916 859 1942 etc.;
880 1916 906 1937 et
922 1915 953 1937 de
971 1914 1017 1937 hoc
1034 1915 1119 1944 posuit
1136 1923 1162 1938 se
1178 1923 1254 1945 super

192 1950 241 1974 Jui
242 1952 309 1973 atam
321 1949 421 1977 Patrie3
439 1956 483 1978 per
495 1955 570 1977 quam
583 1949 739 1978 compertum
752 1947 802 1970 fuit
811 1947 878 1976 quod
892 1946 1010 1970 Canonici
1022 1947 1131 1970 Ecclesie
1143 1948 1253 1978 predicte

192 1985 247 2012 etc,
268 1990 312 2005 seu
332 1988 418 2005 eorum
436 1980 571 2009 Pr,ebende
590 1983 634 2003 etc.
658 1980 695 2009 (ut
714 1979 802 2009 sva)
821 1986 952 2009 nunquam
972 1987 1016 2010 per
1034 1979 1142 2010 aliquem
1165 1980 1252 2004 Archi-

191 2015 324 2039 diaconum
347 2013 465 2037 Cicestrie
487 2030 491 2035 .
511 2030 517 2035 .
537 2030 542 2035 .
563 2029 568 2034 .
587 2012 682 2035 visitati
704 2012 816 2040 fuerunt,
840 2019 886 2035 nec
905 2012 1015 2041 aliquam
1043 2012 1251 2036 Jurisdiccionem

189 2047 346 2072 Ordinariam
358 2046 384 2069 in
397 2046 431 2069 eis
443 2047 610 2069 exercuerunt
622 2052 752 2075 quousque
765 2044 848 2068 dictus
855 2044 1059 2075 Archidiaconus,
1072 2047 1185 2075 tempore
1196 2053 1249 2075 suo,

206 2080 269 2104 rimo
279 2080 294 2103 J
298 2079 485 2103 urisdiccionem
494 2077 651 2102 Ordinariam
658 2077 685 2100 in
695 2077 795 2108 Capella
803 2077 914 2107 predicta
923 2077 1040 2107 exercuit,
1048 2079 1079 2101 ut
1090 2077 1115 2101 in
1123 2078 1248 2102 visitando

189 2113 308 2141 Chorum,
325 2114 370 2135 etc.
384 2119 389 2140 ;
407 2119 451 2142 per
469 2111 536 2140 quod
551 2110 734 2133 consideratum
750 2109 801 2133 fuit
816 2110 884 2139 quod
904 2109 1032 2140 predictus
1052 2110 1248 2134 Archidiaconus

188 2147 335 2177 caperetur;
354 2146 380 2169 et
394 2143 533 2169 inhibitum
550 2143 600 2168 fuit
614 2143 702 2174 eidem,
720 2144 765 2167 etc.
801 2142 836 2167 Et
853 2142 886 2167 sic
902 2142 1027 2168 Dominus
1041 2143 1095 2167 Rex
1110 2143 1136 2167 in
1153 2150 1247 2174 posses-
