1328 2295
176 143 246 168 THE
273 144 453 169 REGISTER
481 143 529 169 OF
555 143 693 169 BISHOP
722 144 958 169 STAPELDON.
1094 134 1138 169 17

73 221 195 244 terminus
211 228 269 245 cum
286 221 417 252 diligencia
435 222 519 245 debita
534 221 626 252 pluries
642 222 792 252 postulatus.
830 222 920 245 Dictus
936 221 1059 245 Dominus
1076 222 1134 252 Wy-

72 253 208 283 gorniensis
221 262 264 284 per
282 254 408 277 Ministros
420 262 486 283 suos,
499 255 530 278 ad
543 255 692 285 peticionem
708 262 797 283 meam,
810 254 871 277 facit
887 254 939 277 fieri
952 254 1135 284 providenciam

73 286 104 309 de
121 286 254 309 esculentis
270 289 296 309 et
312 287 451 317 poculentis
467 295 512 317 pro
527 289 643 310 nostrum
657 289 772 317 utroque,
791 289 817 310 et
833 294 877 317 ego
893 287 1050 309 contribuam
1062 286 1136 316 juxta

73 317 151 348 ipsius
168 318 323 349 beneplacita
340 319 484 343 voluntatis.
523 319 563 343 Ad
584 319 636 348 hec,
654 319 713 350 quia
730 327 781 342 non
798 319 888 342 admisi
906 327 950 349 per
968 319 1133 342 Collacionem

73 350 176 380 Regiam
191 351 341 382 Magistrum
360 352 495 375 Ricardum
513 352 544 375 de
562 352 725 382 Plympstoke
737 352 768 375 ad
780 351 1018 375 Archidiaconatum
1032 351 1133 380 Exonie,

74 390 158 406 revera
175 391 225 406 non
242 386 380 414 vacantem,
400 384 461 407 fecit
483 391 524 408 me
541 384 689 415 implacitari
707 392 751 414 per
768 384 861 415 Regem
884 391 966 407 coram
984 384 1051 413 Rege
1073 384 1134 413 ipso,

74 415 194 446 Magistro
211 416 317 440 Ricardo
334 419 515 447 promovente;
533 419 572 440 set
589 425 603 440 a
624 417 699 440 Curia
722 416 799 446 Regia
821 417 904 439 dictus
925 423 989 445 sum,
1007 423 1065 439 cum
1089 416 1135 438 Dei

74 447 208 478 adjutorio,
225 448 378 479 judicialiter
396 449 500 473 liberari.
536 449 615 478 Idem,
630 450 715 478 eciam,
732 449 851 479 Magister
868 449 996 476 Ricardus,
1015 448 1086 478 quasi
1105 448 1136 471 de

74 480 154 503 salute
172 481 254 504 anime
274 489 324 504 non
339 489 436 511 curans,
455 489 552 512 semper
568 484 682 505 remanet
698 482 724 505 in
741 481 853 511 antiquis
871 481 1009 505 Sentenciis
1028 481 1133 503 Excom-

75 512 284 543 municacionum,
302 514 360 537 licet
383 514 552 538 absoluciones
572 515 603 537 ab
620 514 720 543 eisdem,
739 514 759 537 si
776 516 854 544 petat,
873 514 967 544 absque
987 513 1135 536 difficultate

75 545 159 575 aliqua
170 545 251 569 valeat
260 546 380 576 optinere.
410 547 484 570 Unde
496 549 599 577 paratur
611 547 673 570 mihi
682 546 786 577 laqueus
799 546 892 577 duplex
904 553 934 569 ex
947 546 992 569 hac
1004 553 1087 569 causa:
1106 545 1133 574 si,

77 577 151 607 enim,
161 579 317 602 communico
329 586 387 602 cum
394 579 482 602 eodem
490 579 554 602 facio
566 581 651 602 contra
660 579 836 602 conscienciam
847 587 852 607 ς
865 579 893 608 si,
906 580 998 606 autem,
1009 586 1059 601 non
1071 585 1136 601 com-

76 610 183 640 munico,
194 610 245 641 ipse
255 611 321 634 dicet
330 612 398 641 quod
407 611 453 635 hoc
461 611 523 635 facio
532 612 564 635 ad
574 612 710 635 vindictam
721 619 752 634 ex
760 619 861 634 rancore
871 611 954 641 aliquo
964 612 1134 641 preconcepto.

76 642 264 673 Verumtamen,
278 646 308 667 ut
319 643 403 674 ipsum
415 644 446 667 ad
458 644 553 667 bonum
570 644 669 667 traham
686 644 712 667 in
730 646 855 674 quantum
874 651 974 674 possum
987 643 1136 673 aliquotiens

77 675 233 699 communico
245 683 303 699 cum
319 676 413 706 eodem,
426 684 471 700 sua
482 677 592 707 pericula
607 676 654 700 sibi
670 676 789 700 secrecius
805 676 952 699 intimando.
980 676 1024 699 Set
1040 683 1083 706 per
1095 683 1135 698 me

77 707 143 731 flecti
163 715 213 731 non
233 709 334 739 poterit,
355 709 394 732 vel
412 709 486 739 justis
505 709 645 732 racionibus
662 709 797 732 informari.
828 709 935 737 Faciam,
956 710 1047 735 tamen,
1067 708 1136 738 quod

78 742 172 770 potero,
184 748 285 771 sperans
297 741 364 772 quod
376 741 460 772 aliquo
472 744 584 772 tempore
601 742 704 772 accipiet
722 749 765 772 per
780 741 887 771 graciam
905 741 1023 771 spiritum
1041 740 1137 763 consilii

78 772 187 796 sanioris.
230 774 345 803 Paratus,
365 776 457 803 tamen,
476 782 531 797 sum
552 776 578 797 et
595 782 691 804 semper
711 782 758 803 ero,
777 774 870 797 auditis
887 773 1011 802 Partibus,
1034 773 1137 796 Ordina-

79 805 175 828 cionem
192 808 273 829 vestre
291 806 454 830 Paternitatis
470 807 537 830 inter
554 815 599 830 nos
616 807 757 833 admittere,
772 809 797 830 et
814 814 868 830 eam
886 814 931 837 pro
947 806 1041 829 viribus
1058 805 1135 828 adim-

78 837 152 867 plere,
165 838 299 869 ipsumque
310 839 412 862 interim
425 839 553 862 caritative
569 842 727 870 pertractare,
741 842 816 869 prout
830 841 912 862 vestra
924 839 1048 862 Sanctitas
1061 837 1136 860 michi

79 869 198 893 direxerit
209 871 399 901 injungendum.
436 871 592 902 Scripsissem
609 874 690 895 vestre
706 871 878 894 Dominacioni
895 871 994 901 pluries,
1007 873 1045 894 set
1057 870 1136 899 omisi,

79 904 105 925 et
122 910 190 926 nunc
209 903 315 926 scribere
334 904 458 933 erubesco,
479 904 538 934 quia
557 905 687 934 hucusque
707 912 756 927 non
777 904 858 934 potui,
873 912 918 927 nec
935 904 1016 926 adhuc
1034 903 1136 932 sufficio,

80 934 149 958 vobis
161 935 250 958 servire
263 936 287 958 iu
300 936 361 966 aliis,
375 937 450 965 etsut
467 938 559 965 teneor,
573 945 623 960 una
635 945 692 960 cum
713 937 802 959 Literis
820 944 863 959 vos
879 936 905 959 in
918 936 1000 966 aliquo
1014 935 1137 959 Curialius

80 967 186 990 visitare.
233 968 270 991 De
288 971 364 997 statu,
383 971 474 997 autem,
494 970 567 998 Regis
590 972 616 992 et
636 969 729 998 Regine
747 969 822 992 nichil
839 969 919 991 scribo
936 969 984 991 ista
1001 968 1061 995 vice,
1079 967 1138 998 quia

80 999 234 1023 Senescallus
247 1001 349 1024 Domini
361 1002 441 1031 Regis,
454 1002 485 1024 ad
499 1002 599 1025 Curiam
612 1002 736 1029 accedens,
750 1001 930 1024 Paternitatein
944 1004 1052 1023 vestram
1064 1008 1139 1030 super

79 1031 133 1061 hiis,
147 1032 213 1056 sicut
232 1036 338 1063 oportet,
356 1034 453 1064 plenius
468 1034 696 1057 informabit—Ad
709 1034 846 1057 utilitatem
858 1033 1011 1057 Universalis
1024 1032 1138 1062 Ecclesie,

79 1066 105 1087 et
133 1065 248 1095 precipue
271 1066 413 1096 Anglicane,
438 1066 557 1089 honorem
586 1069 698 1090 vestrum
722 1068 810 1096 augeat
834 1068 860 1089 et
884 1069 988 1089 auctum
1011 1066 1140 1089 conservet

79 1097 226 1121 Altissimus
244 1105 287 1128 per
304 1100 417 1129 tempora
434 1099 477 1122 diu
495 1101 521 1122 et
545 1107 660 1130 prospere
676 1098 960 1129 p1·ocessura!—-Datum
977 1098 1045 1128 apud
1062 1098 1138 1121 Hors-

81 1129 159 1160 leghe,
172 1130 233 1154 xxix
245 1130 284 1154 die
296 1131 405 1162 Augusti
417 1139 422 1160 ς
440 1131 498 1156 ibid.

49 1187 242 1212 MEMORANDUM
265 1195 334 1216 ouon
357 1195 405 1212 xm
428 1196 472 1213 Dm
490 1189 588 1213 MENSIS
606 1189 731 1213 Ocrosms
750 1195 925 1212 commanus
943 1194 1001 1211 ron·
1019 1188 1141 1212 Donamus

82 1221 235 1249 Wurenus,
252 1228 376 1246 sumemus
397 1223 513 1245 Efferus
531 1228 687 1251 nomNATus,
706 1222 780 1245 ANNo
799 1228 831 1245 UT
848 1219 1057 1252 [surm—1308}

113 1265 195 1289 Preces
209 1266 351 1290 Gardinalis
363 1266 461 1297 Anylici
470 1275 516 1297 pro
528 1267 648 1297 Magistro
666 1266 779 1290 Willelmo
791 1266 820 1290 de
835 1266 992 1296 Byrceamz—

49 1297 190 1321 Venerabili
202 1299 227 1321 in
241 1299 340 1322 Christo
353 1300 429 1329 Patri,
442 1300 551 1323 Domino
568 1299 684 1327 WValtero,
699 1299 746 1322 Dei
764 1299 845 1329 gracia
864 1299 986 1329 Episcopo
998 1298 1140 1327 Exoniensi,

82 1331 170 1354 Frater
196 1331 311 1361 Thomas,
335 1332 457 1363 Ejusdem
483 1332 642 1355 miseracione
665 1332 750 1355 Titulo
779 1332 869 1355 Sancte
898 1331 988 1354 Sabine
1016 1331 1142 1354 Presbiter

83 1363 347 1391 Ca1·dinalis,salute1n
365 1367 391 1388 et
408 1365 528 1388 sinceram
542 1365 568 1388 in
585 1364 693 1387 Domino
710 1363 907 1387 caritatem—A
923 1365 1005 1386 vestra
1022 1364 1141 1387 memoria

82 1403 132 1418 non
152 1396 276 1420 credimus
297 1397 417 1420 excidisse
437 1397 562 1427 quomodo
582 1397 620 1420 bis
639 1397 709 1420 vobis
731 1397 875 1427 scripsimus
894 1404 970 1419 manu
990 1398 1083 1423 nostra,
1104 1404 1140 1419 re-

82 1428 209 1458 quirentes
228 1429 335 1453 corditer
353 1432 379 1453 et
395 1432 509 1460 rogantes
527 1430 647 1459 quatinus
664 1430 716 1452 viro
737 1429 850 1457 discreto,
868 1428 987 1459 Magistro
1008 1428 1140 1458 Willelmo,

82 1461 244 1491 compatriote
256 1464 341 1485 nostro
357 1462 501 1485 connutrito
519 1465 545 1485 et
563 1462 662 1492 Capelle
677 1462 794 1485 continue
807 1461 972 1489 commensali‚
986 1468 1062 1491 quem
1074 1469 1139 1484 ccm-

82 1494 202 1517 mendant
214 1496 240 1517 et
251 1494 374 1518 attollunt
385 1494 540 1518 conversacio
556 1495 660 1517 honesta
672 1496 698 1517 et
713 1494 867 1517 diversarum
879 1493 1030 1516 facultatum
1049 1493 1141 1517 noticia

80 1525 106 1548 in
124 1525 237 1556 pluribus
255 1527 345 1550 studiis
362 1527 518 1557 generalibus
536 1527 693 1551 Scholasticis
711 1527 837 1550 laboribus
854 1525 981 1556 acquisita,
1000 1533 1058 1549 cum
1077 1526 1141 1549 bona.

82 1558 235 1588 experiencia
251 1559 277 1582 in
296 1559 404 1589 agendis,
423 1559 515 1583 daretis
536 1560 561 1583 in
580 1559 687 1583 Ecclesia
706 1562 788 1582 vestra
805 1558 941 1582 Exoniensi
960 1558 1140 1582 Canonicatum

82 1590 174 1620 pariter
194 1593 220 1614 et
242 1592 405 1616 Prebendam.
450 1592 532 1621 Nunc,
553 1594 646 1620 autem,
667 1600 750 1622 preces
766 1591 819 1615 illas
833 1591 910 1614 tercio
930 1590 1079 1621 porrigimus
1096 1599 1140 1621 pro

83 1623 169 1646 eodem
187 1631 245 1647 cum
262 1623 402 1654 adjeccione
418 1625 565 1655 subscripta,
583 1624 698 1648 videlicet
717 1641 721 1646 .
742 1642 746 1648 .
768 1642 772 1647 .
792 1642 796 1647 .
817 1622 864 1654 [At
881 1623 932 1646 this
949 1623 1020 1653 point
1035 1631 1093 1654 may
1110 1624 1140 1646 be

83 1663 140 1678 seen
153 1655 196 1679 the
208 1657 314 1680 remains
326 1657 352 1680 of
370 1657 440 1680 three
452 1657 532 1681 leaves
544 1657 625 1681 which
638 1657 700 1680 have
712 1657 774 1680 been
786 1659 831 1680 cut
843 1657 898 1680 out!
924 1656 977 1679 The
990 1656 1140 1686 numbering

83 1687 109 1711 of
123 1688 166 1711 the
178 1688 250 1712 folios
262 1697 344 1720 passes
355 1689 420 1713 from
431 1697 446 1714 v
457 1691 484 1713 to
496 1689 541 1719 ix.]

52 1885 251 1910 REGISTRUM
282 1886 325 1909 DE
353 1884 514 1909 TEMPORE
543 1883 708 1908 MAGISTRI
737 1882 894 1907 WALTERI
924 1882 970 1905 DE
1001 1881 1141 1905 STAPEL-

85 1919 186 1948 DONE,
202 1918 412 1942 EXONIENSIS
431 1917 605 1944 EPISCOPI;
625 1917 667 1939 ET
686 1916 792 1939 PRIMO
812 1916 857 1938 DE
876 1915 946 1938 HHs
965 1915 1034 1943 QUE
1053 1914 1142 1937 ACTA

85 1951 174 1974 SUNT
190 1951 273 1975 POST
288 1951 371 1974 EJUS
388 1949 609 1973 ELECCIONEM
624 1949 737 1977 USQUE
750 1949 796 1971 AD
811 1946 1122 1971 CONSECRACIONEM
1137 1954 1141 1973 ;

85 1983 215 2006 POSTEA
233 1984 278 2006 DE
296 1983 387 2006 ALIIS
406 1981 718 2010 SUBSEQUENTIBUS,
737 1981 782 2004 UT
805 1980 969 2003 INFERIUS
993 1979 1139 2002 APPARE-

86 2015 278 2040 BIT.—-ANNO
298 2015 341 2038 Mo.
361 2015 458 2039 CCCtuo
475 2014 629 2038 SEPTIMO.

56 2055 246 2079 Memorandum
274 2056 342 2086 quod
369 2055 495 2079 Walterus
521 2055 552 2077 de
575 2054 725 2085 Stapeldone
749 2053 842 2077 electus
862 2053 913 2077 fuit
936 2051 1091 2076 concorditer
1113 2052 1139 2074 in

89 2088 254 2112 Exoniensem
273 2088 424 2119 Episcopum
438 2088 512 2111 Anno
529 2087 631 2110 Domini
647 2087 777 2110 Millesimo
795 2086 963 2109 tricentesimo
976 2085 1142 2115 septimo—et

86 2121 147 2144 tunc
158 2121 208 2145 fuit
221 2121 303 2144 Litera
316 2120 476 2144 Dominicalis
493 2119 575 2143 A-et
592 2127 636 2150 per
651 2119 717 2143 viam
733 2119 847 2142 scrutinii
859 2126 865 2148 ;
882 2118 925 2147 ita,
938 2118 1054 2141 videlicet
1074 2116 1141 2147 quod

143 2171 164 2197 C
