1328 2295
465 157 638 184 GENERAL
668 158 797 185 mDEx.
896 173 899 175 >
1150 152 1219 185 133

105 235 159 263 Quo
177 235 215 258 die
236 236 336 259 suerunt
352 236 378 259 in
399 235 506 259 Ecclesia
524 235 572 258 loci
592 235 695 265 predicti
711 242 788 258 unum
806 235 957 264 Psakerium,
982 242 1095 264 magnum
1114 237 1138 259 et
1154 236 1215 259 bene

135 266 259 295 seriptum,
280 273 336 289 cum
348 266 481 295 Ympnario
499 266 523 287 et
542 266 656 294 Tropario
675 266 699 287 in
718 266 801 287 eodem
820 266 955 292 volumine:
973 265 1039 288 aliud
1059 266 1210 294 Psalterium,

135 295 280 318 dilaniatum
292 298 316 318 et
336 297 405 325 parvi
415 295 517 323 valoris;
546 295 656 324 Legenda
667 295 744 317 tocius
755 295 811 317 anni
822 295 847 317 in
863 295 879 324 ij
892 295 1062 323 voluminibus,
1076 302 1129 317 cum
1142 296 1210 318 Anti-

135 325 252 353 phonario
263 326 365 354 sparsim
375 325 526 354 interposito.
560 325 630 352 Item,
643 324 846 353 Antiphonarium
863 331 905 353 per
916 332 948 352 se,
969 325 1067 353 bonum,
1087 325 1211 348 continens

137 355 233 377 Statuta
241 355 377 384 Synodalia.
401 355 512 377 Ordinale
521 354 645 376 sufficiens.
672 354 790 382 Manuale,
801 354 984 383 Capitularium,
995 356 1019 376 et
1029 354 1207 383 Collectarium,

135 384 161 406 in
171 384 253 406 eodem
263 385 392 407 volumine.
424 385 478 407 Duo
487 384 577 407 Calices
589 384 688 406 interius
700 384 851 413 exteriusque
866 384 981 412 deaurati,
999 385 1023 406 et
1035 384 1093 406 satis
1105 384 1206 406 honesti.

136 413 218 436 Unum
242 414 337 437 Missale
357 415 453 437 tantum
473 414 598 436 sufficiens.
645 414 746 436 Grarlale
768 414 848 436 nobile
873 421 927 436 cum
949 414 1071 442 Tropario,
1095 415 1119 436 et
1140 413 1207 436 aliud

136 443 238 466 Gradale
256 444 307 466 sine
326 444 447 473 Tropario.
482 443 656 465 Processionale
670 443 771 471 nullum,
785 443 830 465 nisi
848 443 873 465 iu
885 443 1036 466 Gradalibus,
1070 443 1206 471 Cancelluiu

135 479 225 495 novum
236 474 375 502 sumptibus
386 473 492 502 Capituli
504 474 674 501 constructum,
688 480 768 495 carens
779 473 890 496 celatura.
924 473 989 495 Pixis
1001 473 1031 494 ad
1044 472 1206 495 Eukaristiam

135 502 246 532 eburnea,
256 505 352 532 argento
362 504 442 532 ligata,
451 503 502 525 sine
510 509 567 524 sera.
597 502 689 531 Ciphus
700 509 743 531 pro
754 502 854 524 infirmis
866 502 894 524 de
905 504 998 524 stanno.
1023 502 1205 524 Crismatorium

135 532 240 561 ligneum
258 533 308 555 sine
325 540 383 555 sera.
426 533 522 562 Septem
539 532 605 560 paria
624 532 799 560 Corporalium.
841 532 897 554 Tria
917 532 984 561 paria
1001 532 1206 554 Vestimentorum

136 561 235 591 integra,
256 569 358 591 quorum
375 569 450 584 uuum
463 561 579 584 Festivale
598 562 690 590 decens,
710 563 734 584 et
752 561 799 584 alia
814 562 873 584 sutis
884 562 983 589 ydonea.
1017 562 1071 583 Due
1082 561 1144 583 Albe
1155 562 1206 583 sine

137 591 236 614 Casuhs.
270 592 353 614 Tualle
371 592 431 621 xiiij,
451 591 577 621 quarumj
596 598 651 613 eum
668 598 761 620 parura.
796 591 907 613 Frontale
919 591 949 613 ad
961 591 1040 619 Majus
1052 591 1134 613 Altare
1146 591 1205 613 satis

136 621 286 644 conveniens.
318 622 373 644 Duo
394 621 561 650 superpellicia
582 621 650 649 bona,
674 622 698 643 et
718 621 819 643 tercium
840 621 925 643 debile.
959 621 1064 643 Rochete
1086 621 1111 649 iij
1133 620 1201 643 bone.

136 650 200 673 Crux
209 651 392 673 Prooessionalis
400 651 429 673 de
436 651 541 678 metallo,
552 657 606 672 cum
614 650 684 673 hasta
695 652 762 672 curta
771 652 794 672 et
805 650 966 673 insufficienti.
998 650 1052 672 Duo
1060 650 1206 672 Candelebra

136 680 322 703 Processionalia
340 681 369 703 de
393 681 490 703 metallo
509 680 659 709 perpulchra,
681 682 704 702 et
723 680 758 709 iiij
777 680 805 702 de
823 682 915 702 stanno.
950 680 1003 702 Duo
1023 679 1115 702 Vexilla
1133 686 1202 702 nova.

135 710 232 732 Pannus
253 711 282 733 de
307 711 381 732 serico
402 710 499 733 subtilis
520 716 577 732 auro
599 710 753 738 stragulatus,
777 710 806 732 de
828 710 890 732 douo
911 710 1029 737 Firmarii,
1051 716 1094 738 pro
1117 709 1206 732 Patena

134 740 242 762 tenenda.
277 740 398 762 Paxillum
407 740 533 762 sufficiens.
561 740 626 762 Cista
634 746 714 768 parva,
726 739 874 768 fem‘oligata.
904 740 992 762 Cutene
1003 739 1109 761 turribili
1120 739 1201 761 fracte.

135 769 229 797 Ymago
240 770 321 792 Sancti
333 770 440 798 Gregorii
451 769 480 792 ad
493 770 540 799 Maj
546 776 572 792 us
583 769 665 791 Altare
682 769 743 791 male
755 769 856 798 depicta,
876 770 900 791 et
914 769 989 791 altera
999 776 1072 791 manu
1083 770 1201 791 truncata.

135 798 185 821 Vas
202 799 231 821 de
252 799 352 828 plumbo
369 799 400 821 ad
421 800 515 828 Aquam
534 799 695 822 Benedictam.
738 798 825 820 Velum
847 799 1055 827 Quadragesimale
1076 798 1202 821 sufficiens.

135 828 222 851 Deficit
232 836 325 857 pannus
340 831 496 851 mortuorum.
531 830 562 852 Et
573 829 635 851 Fons
647 830 682 850 est
692 828 742 850 sine
753 835 840 851 serura.
874 828 1005 851 Scalarium
1015 835 1097 850 versus
1108 828 1206 850 Curiam

135 857 227 887 indiget
244 859 402 887 reparacione.

108 887 185 910 Testes
205 888 337 917 Synodales
358 888 441 910 dicunt
459 889 524 917 quod
545 888 663 915 Vicnrius,
688 894 758 916 quem
780 887 869 909 bonum
893 888 1015 916 reputant,
1042 894 1091 909 non
1117 887 1206 909 residet

137 918 300 946 personaliter,
321 919 357 940 set
374 918 447 940 habet
469 918 521 941 loco
539 926 582 940 suo
599 918 730 939 Dominum
749 917 834 945 Adam,
858 918 1015 946 capellanum,
1038 918 1080 946 qui
1101 917 1161 939 bene
1182 919 1207 940 et

137 947 236 969 honeste
258 954 282 969 se
293 948 360 976 gerit,
385 949 409 970 et
430 948 520 976 optime
539 948 653 970 informat
670 954 709 969 eos
726 947 750 968 in
772 947 951 975 Spiritualibus.
985 946 1026 969 Set
1047 946 1206 975 Randulphus

138 976 274 1005 capellanus
283 977 362 999 tenuit
372 984 438 999 suam
451 978 607 1000 concubinam
619 984 660 1005 per
672 976 811 998 decennium
823 978 847 999 et
858 976 930 1004 ultra,
945 976 982 998 vel
994 977 1057 999 ultra
1068 984 1074 1004 ;
1091 978 1115 999 et
1124 976 1205 1005 sepius

137 1005 193 1028 inde
223 1008 344 1035 correptus
373 1007 539 1036 incorrigibilis
572 1008 711 1035 perseverat.
756 1006 861 1028 Clericus
893 1005 996 1028 Ecclesie
1028 1006 1151 1028 continens
1182 1009 1207 1029 et

138 1035 373 1065 honestus.—Agnes
394 1036 469 1065 Daya,
490 1037 600 1063 firmaria,
621 1036 770 1064 contempnit
786 1035 938 1063 Nic-holaum,
951 1036 1029 1058 virum
1047 1043 1135 1063 suum;
1162 1041 1206 1059 nee

138 1065 211 1088 audet
222 1065 331 1088 accedere
342 1066 372 1088 ad
383 1073 435 1088 eam
446 1073 450 1088 :
462 1068 486 1088 et
497 1067 541 1089 hoc
552 1067 609 1095 quia
621 1065 740 1091 Matheus,
753 1065 853 1093 armiger
862 1065 979 1093 Firmarii,
990 1067 1118 1095 antequam
1129 1064 1207 1089 adiret

137 1094 234 1117 Curiam
242 1096 382 1124 Romanam,
391 1096 516 1118 suscitavit
527 1103 555 1118 ex
567 1103 593 1118 ea
604 1095 702 1124 prolem,
712 1096 736 1117 et
747 1101 789 1123 per
799 1095 844 1117 hoc
856 1095 918 1116 elata
928 1095 998 1117 irruit
1009 1095 1033 1117 in
1045 1096 1122 1117 virum
1134 1102 1206 1118 suum

137 1125 261 1153 quosciens
273 1125 324 1154 (sic)
332 1125 411 1154 ipsum
423 1125 496 1153 videt,
506 1125 651 1148 verberando
662 1125 743 1153 ipsum
754 1125 778 1146 et
789 1124 850 1146 male
861 1125 991 1147 tractando.
1026 1125 1067 1147 Set
1077 1127 1206 1155 postquam

138 1154 202 1176 idem
214 1154 325 1177 Matheus
344 1155 415 1177 rediit
434 1162 447 1177 a
458 1155 538 1183 Curia,
556 1162 603 1177 non
621 1154 721 1177 eredunt
733 1154 797 1182 quod
816 1161 867 1176 eam
879 1155 1071 1183 frequentaverit.
1106 1155 1142 1178 De
1153 1155 1206 1178 aliis

138 1184 242 1212 peccatis
254 1184 380 1207 occultatis
391 1185 466 1206 nichil
479 1185 578 1212 dieunt„

169 1213 291 1236 Johannes
303 1214 394 1243 Lupus,
463 1216 471 1243 s
482 1215 617 1236 Willelmus
629 1214 657 1236 de
687 1216 699 1241 Ἰ
726 1213 737 1241 f
744 1213 864 1235 Walterus
890 1213 947 1236 Hel·
967 1216 979 1242 Ἰ

169 1243 286 1266 Ricardus
293 1243 322 1266 de
331 1244 418 1272 Lange·
463 1246 465 1268 Ι
510 1243 678 1271 Heluiisforde,
695 1244 698 1270 l
725 1243 728 1271 Ι
772 1243 893 1271 missorde,
977 1244 980 1271 Ι
1052 1268 1055 1269 .

200 1272 286 1301 donne,
435 1273 446 1300 ἃ
482 1273 560 1296 Adam
572 1274 661 1301 Zemar,
697 1272 708 1288 ¹-
719 1272 730 1301 ἦ
744 1272 759 1294 J
762 1272 866 1294 ohannes
890 1273 919 1295 de
977 1261 1018 1302 μή
1024 1260 1103 1303 Adam

169 1302 307 1325 Willelmus
318 1303 420 1332 Byarde,
436 1303 439 1332 Ι
484 1303 589 1332 Rogerus
603 1303 681 1332 Uppe-
727 1303 730 1329 l
775 1302 887 1330 Laberne,
978 1303 980 1331 Ι
1024 1290 1126 1319 Pdlfflsss’

466 1333 478 1359 L
512 1333 577 1361 hille,
727 1331 847 1357 LThomas
860 1332 980 1360 ssyarde,j

137 1361 221 1390 jurati,
234 1361 318 1384 dieunt
328 1362 392 1391 quod
405 1362 519 1391 Magister
531 1362 723 1390 Bertholomeus,
743 1368 805 1383 nunc
819 1362 948 1384 Firmarius
959 1362 1076 1390 ipsorum,
1089 1363 1113 1384 et
1123 1362 1208 1385 ballivi

139 1391 185 1419 sui,
203 1397 251 1413 non
261 1393 319 1414 sunt
329 1392 362 1413 eis
373 1392 483 1420 injuriosi
496 1392 521 1414 iu
536 1392 625 1421 aliquo,
639 1393 663 1413 et
674 1391 806 1414 defendunt
818 1398 857 1413 eos
869 1392 959 1420 optime
971 1398 1053 1414 versus
1064 1393 1189 1415 extraneos
1202 1400 1208 1421 ς

140 1422 164 1442 et
174 1421 284 1449 ignorant
296 1422 316 1443 si
327 1421 408 1450 aliqua
418 1422 518 1450 antiqua
529 1421 676 1443 consuetudo
691 1421 818 1450 ipso[rum]
839 1421 871 1443 sit
887 1428 930 1449 per
942 1421 1085 1443 Fumarium
1105 1423 1206 1444 mutata.

140 1450 172 1472 Et
189 1450 273 1473 dicunt
284 1450 348 1479 quod
365 1451 390 1473 in
402 1451 507 1473 Manerio
523 1451 552 1473 de
570 1451 662 1479 Doulys
676 1453 732 1473 sunt
744 1452 772 1473 de
784 1451 879 1472 redditu
892 1451 965 1473 assiso
976 1451 1067 1473 xxxvli,
1082 1458 1115 1474 vs.
1130 1452 1189 1480 iiijsl.
1201 1459 1207 1479 ;

142 1479 172 1501 de
182 1480 273 1502 auxilio
285 1480 358 1502 assiso
369 1481 431 1509 xlijs.
445 1488 450 1508 ς
470 1481 499 1503 de
510 1481 631 1509 berbiagio
643 1480 695 1509 xljs.
710 1481 762 1510 iijrl.
796 1480 866 1508 Item,
884 1480 949 1509 apud
960 1481 1102 1509 Tengemue,
1116 1481 1207 1509 cxviijs.

141 1509 190 1537 vjd.
204 1509 236 1532 ob.
270 1510 324 1532 Duo
336 1510 472 1532 molendina
483 1510 563 1532 valent
579 1517 621 1539 per
637 1517 726 1532 annum
743 1518 758 1532 x
774 1517 871 1532 marcas.
906 1510 1068 1539 Perquisitum
1081 1510 1209 1532 Hundredi

140 1538 167 1561 ls.
202 1539 233 1561 Et
250 1539 410 1568 perquisitum
423 1540 537 1569 Capituli,
559 1540 668 1562 deductis
685 1540 801 1569 expensis,
819 1547 852 1561 xs.
887 1540 940 1562 Due
951 1546 1033 1562 carnee
1044 1540 1069 1561 in
1080 1540 1207 1568 dominico,

142 1575 194 1590 cum
213 1569 312 1597 gardino
330 1570 354 1591 et
371 1570 447 1598 prato,
468 1576 498 1592 cs.
532 1570 563 1591 Et
580 1571 633 1591 tota
650 1569 741 1592 decima
752 1570 879 1598 garbarum
890 1569 964 1591 xxxvli.
979 1570 1022 1598 vjs.
1036 1569 1103 1597 viiid.
1138 1570 1207 1598 Item,

143 1597 227 1620 dicunt
239 1598 302 1627 quod
314 1599 428 1627 Magister
440 1599 623 1621 Bartholomeus
635 1600 724 1628 recepit
741 1607 754 1621 a
766 1599 929 1628 predecessore
940 1606 990 1626 suo,
1011 1606 1053 1627 pro
1066 1599 1207 1627 defectibus,

142 1627 200 1656 xviij
215 1635 313 1653 marcas,
332 1635 391 1657 quas
409 1629 523 1657 expendit
540 1629 647 1650 totaliter
665 1630 726 1651 cirea
743 1629 917 1657 reparacionem
934 1629 1070 1656 eorundem,
1090 1630 1114 1650 et
1131 1629 1210 1651 multo

142 1657 254 1685 amplius.
287 1658 326 1685 Et,
344 1658 520 1686 nichilominus,
534 1659 647 1680 estimant
663 1658 781 1680 defectum
795 1658 880 1680 domus
897 1664 1028 1686 vaccarum,
1042 1658 1133 1680 stabuli
1149 1658 1212 1680 infra

142 1688 245 1715 portam,
264 1688 288 1709 et
316 1687 451 1709 warderobe
468 1688 565 1710 Camere
584 1688 688 1715 Domini,
708 1688 750 1710 lvs.
785 1688 883 1715 Dicunt,
904 1688 986 1715 eciam,
1005 1687 1070 1716 quod
1089 1687 1211 1716 predictus

143 1716 273 1738 Finnarius
292 1716 424 1746 adquisivit
440 1724 482 1746 per
500 1717 619 1739 Placitum
639 1724 710 1740 unam
726 1718 825 1739 domum
843 1717 908 1745 apud
925 1717 1110 1745 Tengemouthe,
1127 1724 1173 1746 que
1191 1717 1212 1739 si

143 1747 205 1768 esset
216 1748 332 1775 reparata,
345 1746 452 1769 redditus
464 1748 664 1775 augmentaretur.
700 1748 768 1775 Item,
782 1747 865 1768 villani
876 1748 1055 1775 conqueruntur
1066 1753 1090 1769 se
1101 1748 1212 1775 gravatos

142 1781 185 1804 per
200 1775 253 1804 hoc,
275 1776 340 1804 quod
361 1776 444 1798 ballivi
465 1783 511 1798 non
531 1777 676 1805 permittunt
697 1783 736 1799 eos
758 1777 845 1798 cariare
867 1776 938 1798 blada
959 1783 1002 1798 sua
1022 1776 1047 1798 in
1068 1778 1209 1805 autumpno,

142 1806 271 1834 antequam
283 1806 330 1834 ipsi
342 1806 438 1828 veniant
448 1806 479 1828 ad
488 1806 654 1828 decimandum
667 1813 694 1828 ea
705 1814 710 1834 ς
727 1806 769 1835 qui.
781 1806 908 1834 aliquando
920 1806 999 1828 venire
1010 1805 1124 1828 differunt
1136 1806 1211 1828 donee

144 1834 226 1888 {aggm
237 1834 475 1893 blada9ijemauserint
486 1836 621 1864 putrefacta
632 1836 657 1857 in
675 1835 936 1865 campis.''—;11'clzc'z·cs
947 1835 976 1863 ο]
988 1835 1025 1857 tlze
1036 1835 1068 1858 D.
1081 1836 1102 1857 ‹L-
1115 1835 1150 1864 0.,
1163 1835 1212 1858 No.

203 1881 209 1892 ,
219 1871 283 1893 page
294 1865 308 1887 2
335 1881 340 1887 .

54 1900 265 1940 Dean-Prior,
282 1903 399 1935 Manor
415 1903 462 1942 of3
479 1904 585 1936 Grani]
602 1904 637 1936 of
653 1904 747 1935 lands
764 1906 799 1936 to
817 1903 964 1946 Stephen
981 1903 1154 1946 Mugge,—

121 1954 207 1979 Sciant
222 1957 350 1986 presentes
368 1958 394 1979 et
406 1956 488 1980 futuri
500 1956 569 1987 quod
587 1964 639 1986 ego,
652 1956 795 1980 Willelmus
812 1956 843 1979 de
856 1956 947 1979 Sancto
959 1956 1094 1986 Stephano,
1113 1955 1171 1979 dedi
1189 1958 1215 1979 et

151 1988 259 2011 concessi
277 1988 405 2019 Stephano
423 1989 523 2019 Mugge,
543 1997 588 2019 pro
606 1989 721 2019 homagio
743 1991 769 2012 et
786 1988 889 2012 servicio
910 1996 962 2017 suo,
983 1987 1166 2011 molendinuml
1184 1989 1215 2011 de

56 2056 67 2072 ¹
84 2058 165 2083 There
177 2067 222 2083 can
237 2060 269 2084 be
281 2068 313 2084 no
326 2061 408 2085 doubt
419 2061 483 2091 that,
502 2062 625 2085 centuries
691 2063 769 2085 water
786 2061 850 2084 from
868 2061 911 2084 the
929 2061 999 2084 Dean
1018 2061 1112 2085 Combe
1129 2061 1218 2092 valley,

90 2098 144 2121 ago,
157 2092 201 2116 the
218 2093 290 2117 Dean
302 2093 357 2117 Mill
369 2102 418 2117 was
430 2094 543 2125 opposite
555 2095 626 2118 Dean
693 2094 742 2118 and
754 2096 799 2118 not
811 2094 855 2118 the
867 2094 1041 2118 Deanbourne.

91 2123 173 2149 Wood
182 2125 254 2156 Gate,
266 2126 311 2150 the
326 2134 409 2157 power
421 2127 485 2151 used
496 2127 571 2158 being
582 2127 626 2151 the
