1328 2295
65 174 137 210 120

268 184 344 210 THE
369 184 560 212 REGISTER
585 185 631 214 OF
655 186 798 212 BISHOP
824 185 1053 212 STAPELDON.

163 262 248 293 Regiis
265 270 340 293 super
356 263 404 287 hoc
421 264 548 294 confectis,
561 264 629 294 quod
646 264 741 288 nullius
758 264 823 288 bona
841 266 928 288 contra
948 271 1024 287 suum
1045 261 1231 292 beneplacitum

164 295 301 326 capiantur,
315 296 416 320 directis
433 297 538 327 singulis
555 297 757 326 Vicecomitibus,
771 299 809 321 est
826 299 983 325 contentum,
1002 295 1131 327 proposuit
1149 301 1231 317 coram

163 328 234 351 nobis
258 329 333 359 quod,
357 337 416 352 cum
440 329 543 352 Domini
566 330 639 359 Regis
662 330 779 353 Erarium
801 338 851 353 non
874 330 988 357 sufficiat,
1008 331 1040 352 ut
1061 327 1173 356 decebat,
1202 326 1234 349 ad

164 361 334 391 providencias
346 370 391 392 pro
403 362 588 385 sustentacione
600 362 682 393 Regia,
704 363 735 386 de
747 370 797 393 qua
808 363 973 393 premittitur,
994 361 1114 389 facienda,
1135 368 1150 383 a
1160 358 1233 382 nobis

163 401 221 416 cum
246 394 368 417 instancia
385 395 523 424 postulavit
540 395 660 424 quatinus
685 395 806 418 terminos
823 395 955 419 solucionis
973 395 1075 418 Decime
1092 391 1232 416 Triennalis

165 426 274 449 Ecclesie
286 426 423 457 Anglicane
439 427 556 457 imposite
567 427 602 450 sic
613 427 734 451 vellemus
752 428 779 451 in
791 428 910 451 faciendis
923 427 1090 451 solucionibus
1102 424 1231 456 prevenire

165 460 195 482 ut
207 459 232 482 id
245 459 313 489 quod
325 460 356 483 de
369 460 455 483 eadem
468 460 571 483 Decima
582 468 626 490 per
638 460 785 491 principales
803 461 880 491 ipsius
893 461 994 484 Decime
1008 460 1157 484 Collectores
1169 456 1233 481 solvi

164 491 300 515 mandatur
320 492 344 515 in
366 492 441 516 Festo
462 493 547 516 Sancti
568 493 674 522 Hillarii,
695 493 792 522 statim;
814 495 839 516 et
859 493 927 522 quod
944 493 970 516 in
992 493 1066 516 Festo
1086 489 1234 515 Nativitatis

165 524 252 547 Sancti
280 524 403 548 Johannis
426 525 539 556 Baptiste
567 526 593 549 in
618 526 692 549 Festo
716 526 802 549 Sancti
831 526 930 549 Hillarii
958 525 1070 549 solvatur
1098 523 1232 547 concedere

165 564 325 587 curaremus3
349 560 379 581 ut
401 557 436 581 sic
456 559 488 581 de
511 558 629 589 peccunia
648 558 680 581 ab
703 559 789 582 eadem
812 559 916 582 Decima
936 558 1044 581 Domino
1067 557 1136 587 Regi,
1157 557 1234 587 prout

163 590 337 620 Apostolicum
346 590 401 614 vult
411 591 568 620 Mandatum,
577 591 699 614 tradenda
711 591 764 614 fieri
775 591 857 615 valeat
868 591 975 622 provisio
987 592 1137 621 supratacta.
1172 588 1232 617 Nos,

164 626 257 650 autem,
278 623 439 647 attendentes
467 624 536 653 quod
566 626 651 647 totum
680 624 781 648 Clerum
812 626 896 647 nostre
925 623 1054 647 Provincie
1082 621 1232 653 supplicacio

164 655 232 678 (licta
248 656 337 686 tangit,
357 656 475 686 quodque
492 656 519 680 id
536 657 696 686 nequivimus
713 657 852 687 concedere,
866 659 942 687 prout
959 664 1004 680 nec
1022 655 1113 685 decuit,
1131 662 1175 685 per
1186 661 1232 677 1105

163 688 238 718 ipsos,
262 688 315 711 sine
333 689 398 712 Cleri
427 691 511 712 nostre
535 689 664 713 Provincie
687 690 826 718 voluntate,
857 692 987 720 propterea
1016 689 1118 713 Clerum
1145 689 1230 710 nostre

163 720 300 750 Provincie,
309 721 340 744 de
352 722 453 745 consilio
466 722 584 745 Fratrum
597 722 717 750 unanimi,
731 722 886 746 decrevimus
899 722 1094 745 convocandum.
1132 720 1229 743 Frater-

163 753 245 782 nituti,
258 754 343 784 igitur,
355 756 437 778 vestre
450 755 632 778 committimus
642 757 668 778 et
679 756 828 778 mandamus
841 755 961 784 quatinus
973 762 1059 778 omnes
1070 752 1231 777 Venerabiles

164 786 263 809 Fratres
275 789 373 810 nostros
385 786 566 818 Suffraganeos,
576 796 672 811 necnon
685 790 711 811 et
724 788 840 818 Capitula
853 788 1041 812 Cathedralium
1054 785 1230 814 Ecclesiarum,

163 826 190 841 ac
212 819 314 842 Clerum
332 819 469 850 cujuslibet
490 820 606 844 Civitatis
627 823 652 844 et
672 821 789 850 Dyocesis
811 823 896 844 nostre
920 820 1056 849 Provineie,
1079 819 1163 843 citetis
1185 825 1229 841 seu

162 851 234 874 citari
250 852 346 875 faciatis
365 853 530 883 peremptorie
548 853 615 883 quud
634 853 709 876 iidem
729 854 884 884 Suffraganei
903 854 990 883 nostri,
1011 861 1055 883 per
1074 860 1107 882 se,
1126 851 1165 875 vel
1185 858 1230 881 per

161 884 351 908 Procuratorem
362 886 497 916 ydoneum,
511 886 634 916 Capitula,
653 890 745 915 antem,
765 889 790 909 et
802 888 871 909 totus
885 886 971 910 Clerus
984 886 1091 916 quilibet
1103 883 1231 915 predictus

161 924 205 947 per
225 917 289 940 duos
309 918 485 942 Procuratores
504 919 536 941 ad
553 919 673 949 premissa
692 919 850 948 sufficientes,
871 921 1031 949 compareant
1049 925 1132 941 coram
1149 916 1228 945 nobis,

160 950 306 977 deputando
325 958 368 974 seu
386 951 538 981 deputandis
556 959 570 974 a
587 951 665 980 nobis,
678 951 704 974 in
723 951 832 975 Ecclesia
849 952 935 975 Sancti
950 951 1023 974 Pauli
1035 949 1230 978 Londoniarum,

160 982 200 1005 die
213 983 330 1006 Mercurii
343 983 456 1013 proxima
468 986 525 1014 post
538 984 642 1007 Festum
656 984 741 1007 Sancti
753 984 868 1007 Nicholai
885 984 909 1013 [9
924 984 1003 1013 Dec.]‚
1016 992 1090 1014 super
1102 981 1228 1014 premissis

160 1015 300 1045 nobiscum,
318 1016 464 1046 deputando
481 1025 526 1040 seu
543 1017 694 1047 deputandis
712 1025 726 1040 a
743 1017 821 1046 nobis,
840 1017 945 1040 sollicite
955 1016 1095 1046 tractaturi,
1117 1017 1143 1039 et
1154 1015 1186 1038 ad
1203 1014 1230 1037 id

161 1048 229 1078 quod
260 1056 336 1079 super
367 1049 493 1079 premissis
521 1049 649 1073 videbitur
682 1050 825 1073 faciendum
854 1057 912 1073 suos
936 1057 1070 1073 consensus
1098 1047 1230 1072 efficaciter

161 1081 292 1111 prebitum',
319 1081 477 1112 ulteriusque
494 1082 586 1105 facturi
604 1083 671 1112 quod
698 1083 723 1105 in
741 1090 769 1105 ea
787 1084 857 1112 parte.
875 1082 953 1106 fuerit
975 1082 1126 1105 faciendum.
1170 1080 1227 1109 Vos,

161 1113 246 1143 eciam,
263 1114 369 1137 citamus
388 1115 572 1145 peremptorie;
590 1118 616 1138 et
634 1115 781 1145 Capitulum
802 1123 829 1138 ac
848 1115 948 1139 Clerum
969 1117 1051 1139 vestre
1070 1113 1185 1138 Civitatis
1202 1114 1229 1136 et

160 1146 278 1176 Dyocesis
296 1154 339 1177 per
351 1155 394 1170 vos
407 1147 477 1170 citari
496 1148 661 1178 peremptorie
673 1148 789 1171 volumus
802 1148 871 1171 adid
888 1148 961 1171 idem.
998 1147 1072 1177 Quid,
1090 1149 1183 1175 autem,
1201 1145 1228 1169 in

159 1179 286 1208 premissis
304 1180 427 1203 duxeritis
447 1180 590 1203 faciendum
611 1188 663 1210 nos,
684 1181 859 1211 deputandum
877 1181 917 1204 vel
934 1181 1093 1211 deputandos
1112 1187 1127 1203 a
1148 1178 1227 1208 nobis,

159 1211 233 1235 dictis
253 1212 293 1235 die
312 1214 338 1235 et
358 1212 418 1242 loco,
439 1213 580 1236 certificetis
600 1221 644 1243 per
664 1216 759 1236 vestras
777 1214 873 1236 Literas
890 1214 1017 1242 Patentes,
1032 1213 1122 1236 harum
1140 1211 1229 1235 seriem

159 1244 455 1268 continentes—Datum
479 1246 546 1276 apud
570 1246 717 1273 Lamhethe,
739 1246 818 1269 Nonis
836 1246 985 1269 Novembris
1005 1247 1029 1275 (5
1048 1245 1132 1274 Nov.),
1153 1244 1228 1267 Anno

157 1277 260 1300 Domini
272 1277 405 1301 Millesimo
419 1278 517 1302 CCCmo
529 1279 625 1302 decimo
635 1286 640 1303 ζ
661 1279 860 1302 Consecracionis
872 1281 956 1302 nostre
969 1278 1076 1309 septimo
1088 1277 1225 1301 decimo.—

158 1310 183 1332 H
186 1309 251 1340 ujus,
284 1310 369 1340 igitur,
403 1311 553 1334 auctoritate
585 1312 705 1340 Mandati,
740 1314 826 1335 tenore
856 1311 1014 1335 Presencium
1048 1319 1092 1334 vos
1120 1310 1227 1334 citamus

157 1343 331 1373 peremptorie,
361 1343 515 1374 Capitulum,
545 1344 630 1373 eciam,
652 1347 733 1367 vestre
755 1344 911 1368 Cathedralis
940 1344 1056 1373 Ecclesie,
1085 1351 1113 1367 ac
1140 1344 1226 1366 totum

155 1375 255 1398 Clerum
265 1378 406 1399 vestrarum
416 1376 531 1400 Civitatis
540 1379 566 1400 et
579 1377 696 1407 Dyocesis
706 1377 780 1400 modo
793 1377 867 1400 simili
877 1385 920 1407 per
929 1385 972 1400 vos
982 1377 1052 1400 citari
1064 1376 1221 1404 mandamus,

155 1408 223 1438 quod
233 1409 397 1439 compareatis
406 1411 431 1432 et
441 1412 601 1440 compareant
608 1417 691 1433 coram
700 1410 767 1433 dicto
778 1410 859 1439 Putre,
870 1410 1015 1440 deputando
1024 1417 1068 1433 seu
1074 1407 1225 1440 deputandis

154 1440 186 1463 ab
199 1441 293 1470 eodem,
311 1442 429 1472 predictis
441 1442 481 1465 die
494 1445 519 1465 et
531 1442 591 1471 loco,
611 1445 687 1472 prout
699 1444 771 1465 tenor
783 1442 845 1465 dicti
856 1442 971 1465 Mandati
983 1442 1061 1472 exigit
1073 1444 1099 1465 et
1110 1440 1223 1472 requirit.

156 1473 194 1496 De
213 1473 260 1503 die,
281 1482 346 1504 vero,
367 1475 517 1505 recepcionis
537 1475 703 1504 Presencium,
726 1478 751 1498 et
771 1475 833 1506 quid
853 1475 911 1498 inde
931 1475 1054 1498 duxeritis
1072 1474 1224 1502 faciendum,

153 1506 225 1529 nobis
254 1506 316 1530 citra-
349 1507 442 1530 dictam
471 1508 537 1530 diem
566 1508 689 1536 Mercurii,
724 1516 783 1531 cum
812 1510 897 1531 tenore
927 1507 1088 1531 Presencium
1116 1506 1225 1530 dilucide

152 1539 432 1563 rescribatis—Datum
464 1540 607 1570 Londoniis,
642 1543 729 1564 octavo
763 1541 804 1564 die
832 1540 990 1569 Novembris,
1018 1540 1093 1564 Anno
1122 1538 1225 1563 Domini

151 1571 295 1602 supradicto
308 1581 313 1601 ;
333 1573 371 1597 58.

119 1604 173 1627 The
201 1604 359 1636 Archbishop
382 1613 432 1629 was
455 1606 546 1629 unable
568 1608 595 1629 to
620 1606 715 1636 preside
738 1606 764 1629 in
787 1614 884 1637 person,
911 1606 1036 1637 “propter
1059 1606 1156 1629 diversa
1178 1604 1223 1627 im-

152 1637 331 1667 pedimenta‘’‚
355 1638 412 1667 and,
434 1639 598 1670 accordingly,
620 1639 652 1662 he
675 1639 759 1662 issued
776 1647 791 1662 a
809 1639 982 1668 Commission,
1006 1638 1117 1662 directed
1134 1640 1161 1661 to
1178 1637 1223 1660 the

152 1669 313 1732 lBgslgcpsigfd
320 1671 432 1700 London,
451 1671 615 1701 Winchester,
634 1672 684 1695 and
702 1672 802 1700 Exeter,
824 1674 851 1695 to
869 1672 926 1695 take
943 1672 983 1695 his
1000 1672 1068 1702 place
1086 1671 1128 1701 (30
1140 1668 1224 1700 Nov.,1

183 1721 267 1767 Liteia
279 1745 351 1768 missa
363 1744 548 1776 Arclziepz'scopo
556 1752 602 1775 per
615 1745 797 1769 Commissarios
809 1753 882 1776 super
890 1745 1059 1776 premissis:—

117 1784 263 1808 Reverendo
285 1785 311 1808 111
336 1785 437 1809 Christo
461 1786 537 1815 Patri,
562 1788 607 1809 etc.
636 1804 641 1810 .
671 1804 677 1810 .
707 1786 856 1817 Radulphus
880 1786 1068 1816 Londoniensis,
1097 1784 1222 1809 Henricus

150 1817 345 1848 WVyntoniensis,
364 1820 390 1841 et
407 1819 533 1842 Walterus
552 1819 706 1848 Exouiensis,
725 1819 848 1849 Episcopi,
867 1819 975 1842 salutern
993 1818 1142 1843 etc—Scire
1159 1817 1222 1841 velit

148 1851 231 1873 vestra
255 1850 396 1874 Paternitas
419 1851 564 1874 Reverenda
587 1852 662 1881 quod,
684 1852 823 1875 convocatis
849 1869 854 1875 .
882 1870 886 1875 .
912 1852 1029 1875 omnibus
1054 1850 1220 1881 Suffraganeis

148 1882 244 1912 vestris,
255 1890 351 1906 necnon
361 1886 405 1907 etc.
422 1884 459 1913 (ut
470 1884 564 1914 supra),
575 1884 643 1914 quod
655 1887 827 1914 comparerent
840 1892 921 1908 coram
935 1885 1005 1908 vobis
1015 1886 1059 1908 eto.
1076 1884 1113 1913 (ut
1124 1883 1219 1914 supra),

150 1922 226 1945 super
234 1916 397 1945 prevencione
406 1916 514 1940 duorum
523 1917 698 1940 Terminorum
706 1917 839 1940 solucionis
849 1917 951 1940 Decime
960 1917 1098 1940 Triennalis
1115 1933 1121 1939 .
1141 1934 1146 1940 .
1165 1934 1170 1940 .
1189 1922 1222 1939 ex

146 1950 217 1977 parte
240 1948 317 1978 Regia
329 1949 462 1979 postulata,
476 1949 605 1972 vobiscum
618 1950 758 1978 tractaturi,
777 1952 823 1974 etc.
850 1968 855 1973 .
882 1968 886 1973 .
915 1968 920 1973 .
946 1958 990 1973 1105
1015 1968 1020 1973 .
1046 1968 1052 1974 .
1076 1967 1082 1973 .
1106 1949 1132 1972 111
1150 1948 1218 1972 dicta

148 1980 340 2009 Convocacione,
370 1981 495 2005 assidente
523 1982 595 2005 nobis
624 1982 728 2005 Officiali
757 1984 847 2012 vestro,
871 1982 1043 2013 presidentes3
1074 1982 1141 2005 facta
1168 1980 1218 2004 fide

146 2013 280 2036 sufficienti
299 2021 343 2044 per
360 2014 540 2043 certificatoria,
564 2022 647 2037 coram
665 2015 737 2038 nobis
762 2015 856 2038 ibidem
874 2015 986 2038 exhibita
1005 2017 1031 2039 et
1050 2014 1161 2043 recitata,
1188 2014 1219 2037 de

147 2045 273 2069 Citacione
290 2044 476 2076 predict0rum3
496 2047 749 2077 comparentibusque
767 2048 884 2071 omnibus
902 2048 984 2071 citatis
1003 2065 1008 2070 .
1027 2066 1032 2072 .
1053 2065 1058 2071 .
1076 2065 1081 2071 .
1102 2046 1219 2077 Capitulo

451 2159 460 2174 ¹
478 2159 495 2192 ij
510 2160 635 2185 Kalendas
647 2161 799 2185 Decembris,
