1328 2295
263 161 270 168 =
288 167 297 173 -
553 151 751 177 scornAnn.
1157 140 1227 177 351

162 228 237 250 terras
249 228 363 251 Hibernie
373 230 397 251 et
408 229 501 257 Wallie,
514 230 538 252 et
549 236 698 259 quecumque
714 230 761 252 alia
777 230 920 258 constitutis,
935 231 959 252 et
970 229 1080 252 omnibus
1092 230 1115 252 et
1126 228 1226 256 singul-is

163 257 194 279 ad
204 265 263 286 quos
274 260 394 287 presentes
405 259 483 281 Litere
498 259 654 287 pervenerint,
667 259 769 282 salutem
786 261 809 282 et
820 259 934 282 sinceram
945 260 970 281 in
981 259 1083 281 Domino
1093 259 1223 281 caritatem.

163 287 292 309 —Dudum
308 288 476 310 Sanctissimus
493 289 563 310 Pater
578 290 602 310 et
613 289 730 310 Dominus
745 290 832 317 noster,
850 289 967 311 Dominus
983 288 1104 311 ..Iohannes
1121 288 1225 318 [XXIIL

163 316 234 345 digna
254 317 298 339 Dei
319 317 473 340 Providencia
494 318 605 340 Summus
627 318 745 346 Pontifex,
768 325 810 340 nos
832 318 862 340 ad
882 318 968 347 Anglie
998 319 1022 340 et
1044 317 1122 340 Scocie
1144 318 1226 347 Regna

163 346 335 375 transmittens,
358 347 449 369 Literas
470 347 539 369 nobis
560 348 674 369 concessit
694 347 845 376 Apostolicas
870 348 896 369 in
916 348 960 370 hac
986 348 1101 375 forma,—

134 373 255 398 Johannes
262 376 402 405 Episcopus,
417 383 498 398 servus
517 383 637 398 servorum
646 377 697 405 Dei,
715 377 808 399 dilectis
825 377 900 405 Filiis,
918 377 1055 405 Gauceliuo,
1068 376 1156 404 Titulo,
1172 377 1226 406 etc.,

83 403 150 431 Bulla
165 405 266 427 salutem
281 407 305 427 et
330 406 492 434 Apostolicam
508 406 709 428 Benediecionem.
720 406 793 428 -Rex
813 406 926 434 excelsus,
944 406 1037 429 Summi
1057 406 1127 434 Regis
1143 406 1226 435 Filius,

79 428 152 472 {uma
161 434 272 463 Princeps
280 435 326 462 Qui
336 436 394 457 facit
404 435 554 457 concordiam
563 436 587 457 in
598 435 742 458 sublimibus
751 442 800 457 suis
812 437 836 458 et
847 442 923 457 arcem
935 436 1041 464 possidet
1051 435 1161 463 unitatm,
1171 443 1226 458 cum

83 459 150 498 ἐξὲξ]
160 464 219 485 sacri
230 464 295 486 venit
306 465 420 493 temporis
431 465 555 493 plenitudo
567 472 614 493 quo
626 465 736 493 dignatus
753 466 789 487 est
804 465 834 487 de
845 465 941 487 Throno
953 465 1041 487 Celesti
1056 465 1087 487 ad
1098 465 1161 487 orbis
1172 472 1228 493 yma

89 503 146 523 anda
160 492 307 522 descendere,
330 496 354 516 et
380 501 422 523 per
447 494 555 516 mirabile
577 494 718 516 Nativitatis
745 495 884 516 Beatissime
911 494 1090 517 Sacramentum
1115 495 1227 523 gentibus

83 528 147 548 Pace,
159 529 279 551 apparere,
300 530 382 552 pacem
398 524 423 545 in
441 525 504 546 terra
521 530 563 552 per
580 524 710 546 Celestium
722 524 869 552 Angelorum
886 524 1024 551 exercitum,
1043 523 1144 552 gloriose
1161 524 1227 552 pacis

164 553 284 574 canticum
315 553 484 581 concinentem,
512 553 573 575 bone
598 553 730 575 voluntatis
760 553 899 575 hominibus
925 553 1055 580 nunciavit,
1082 554 1107 575 et
1132 553 1229 576 demum

164 588 312 610 regressurus
333 582 364 604 ad
385 582 487 610 Patrem,
510 582 578 604 Pacis
598 582 688 604 bonum
704 582 769 611 quod
789 589 860 611 super
881 589 949 604 omne
969 582 1091 611 diligebat,
1113 583 1230 612 tanquam

164 611 253 633 donum
271 612 439 640 gratissimum,
458 612 524 634 dedit
541 612 663 634 Fidelibus
683 613 707 634 et
724 612 828 641 reliquit,
852 613 881 634 ut
898 612 923 634 in
939 611 985 634 Illo
999 612 1046 639 Qui
1066 612 1102 634 est
1112 618 1166 634 vere
1177 612 1228 635 Pax

164 641 245 663 nostra
266 641 427 669 persisterent,
450 642 505 670 Ipse
524 641 661 670 dignaretur
681 641 766 670 eligere
787 641 811 663 in
837 648 918 663 eorum
935 641 1046 663 cordibus
1072 641 1225 665 mansionem.

165 670 293 699 Propterea
300 676 352 698 nos,
361 671 403 699 qui
409 671 530 699 vicesEjus
539 671 639 693 interris
646 671 754 699 quamvis
760 670 958 693 insufficientibus
968 671 1059 692 meritis
1070 677 1227 700 excercemus,

165 700 245 728 Ipsius
266 700 380 728 exemplis
402 700 548 722 salutaribus
569 700 664 728 eruditi,
684 700 815 729 cogitamus
833 700 900 722 Pacis
921 700 1078 729 cogitaciones
1098 707 1141 728 pro
1162 700 1226 728 filiis,

165 729 263 751 consilia
279 730 346 751 Pacis
364 731 429 752 casta
447 730 614 758 percurrimus,
630 729 696 751 Pacis
709 729 858 752 dulcedinem
873 731 994 758 gratanter
1009 729 1184 758 amplectimur,
1205 731 1229 752 et

165 759 232 781 Pacis
243 759 338 787 semina,
353 759 402 781 sine
413 766 460 787 qua
471 759 529 781 bene
540 766 587 780 non
599 759 685 781 colitur
696 759 762 781 Pacis
772 760 869 787 Auctor,
880 759 941 781 inter
948 758 1084 781 Catholieos
1095 759 1225 787 universos,

165 788 237 816 juxta
257 788 364 810 debitum
386 789 508 810 servitutis
532 788 677 817 Apostolice,
697 789 847 816 seminamus,
866 790 894 810 ut
911 795 940 810 ex
957 789 990 810 eis
1007 795 1080 817 grana
1097 788 1186 810 Salutis
1204 789 1229 811 et

166 817 245 840 Glorie
266 817 414 846 colligantur,
437 818 604 846 multiplicatis
624 818 753 846 manipulis
773 818 923 846 gaudiorum,
947 818 1027 846 sicque
1053 817 1228 840 dissensionum

164 847 254 876 ubique
271 847 416 875 turbinibus,
440 848 530 869 Austro
547 847 618 869 flante
640 847 738 869 Celestis
755 847 846 875 auxilii,
868 847 1009 876 profugatis,
1029 847 1054 869 in
1070 847 1229 869 tabernaculis

165 876 250 898 fiducie
267 877 347 899 sedeat
368 878 391 899 et
408 877 508 899 fecunde
525 877 592 898 Pacis
613 877 762 905 plenitudine
783 877 914 905 requiescat
938 876 1045 905 Populus
1069 876 1227 905 Christianus,

164 906 280 928 malorum
292 907 376 928 timore
387 906 490 928 sublato.
523 906 571 933 Set,
585 908 612 928 ut
624 907 673 928 Pax
684 906 736 934 Dei,
750 913 795 935 que
811 907 907 935 superat
924 913 992 928 omne
1008 912 1111 934 sensum,
1124 906 1229 928 Catholi-

165 942 247 958 corum
258 935 349 964 Regum
361 937 384 958 et
395 936 532 964 Principum
544 935 692 964 aliorumque
704 936 850 964 Maguatum,
864 936 965 957 flammis
982 935 1090 957 odiorum
1107 935 1227 963 extinctis,

166 965 237 987 corda
247 965 356 987 conciliet
366 965 583 994 intelligcnciasque
595 965 722 993 custodiat,
735 967 803 993 pacet
814 966 912 992 mentes,
926 966 949 987 et
965 965 1033 987 uniat
1044 965 1187 992 voluntates,
1200 971 1228 987 eo

166 994 345 1016 desiderabilius
364 995 481 1023 cupimus,
500 1001 575 1023 eoque
593 995 692 1017 Paterne
709 994 878 1017 sollicitudinis
896 995 1055 1016 ministerium
1075 994 1226 1022 adhibemus,

166 1030 214 1053 quo
231 1024 336 1052 pericula
353 1024 460 1053 graviora
480 1024 595 1053 producet
609 1024 779 1046 discordiarum
794 1025 901 1052 ipsorum
917 1024 999 1045 odiosa
1014 1023 1127 1051 condicio,
1140 1024 1165 1045 et
1180 1030 1228 1052 quo

165 1053 258 1082 pacitici
274 1055 352 1076 status
369 1060 451 1076 amena
467 1053 629 1082 tranquillitas
640 1054 772 1075 uberiorem
784 1054 851 1075 affert
863 1053 946 1075 Pacem
958 1053 1068 1082 pluribus
1079 1054 1103 1075 et
1113 1053 1227 1081 quietem.

166 1083 218 1105 Hec
236 1084 279 1111 est,
298 1083 394 1110 etenim,
413 1083 531 1105 mencium
549 1090 633 1105 amena
649 1083 769 1110 serenitas,
797 1083 876 1105 suavis
892 1082 1076 1111 tranquillitatis
1095 1083 1230 1104 animorum

166 1113 252 1135 amoris
270 1112 416 1134 delectabilis
433 1112 563 1139 vinculum,
574 1114 598 1134 et
615 1119 697 1134 verum
713 1113 859 1134 consorcium
876 1112 988 1139 caritatis,
1002 1112 1067 1140 quod
1076 1112 1129 1140 ipsa
1139 1112 1229 1140 quippe

166 1142 228 1164 bella
239 1143 374 1170 compescit,
388 1142 433 1164 iras
445 1142 587 1170 comprimit,
601 1142 667 1164 sedat
677 1142 814 1169 discordias,
827 1142 880 1163 lites
892 1141 1018 1169 extinguit,
1032 1148 1139 1163 rancores
1150 1141 1219 1170 fugat

166 1173 191 1194 et
207 1171 261 1193 odia
278 1172 361 1200 procul
376 1171 453 1200 pellit,
469 1179 515 1200 que
536 1172 714 1193 consummatur
731 1178 744 1193 a
761 1171 855 1193 Christo
873 1178 928 1193 cum
947 1171 1069 1192 Fidelibus
1085 1172 1228 1194 excercetur.

167 1201 283 1228 Profecto,
296 1201 353 1223 dum
365 1201 514 1230 antiquatam
531 1201 619 1222 abolim
636 1201 698 1223 inter
708 1201 856 1222 carissimum
868 1201 892 1222 in
904 1200 999 1222 Christo
1011 1200 1099 1222 Filium
1110 1201 1227 1228 nostrum,

165 1230 316 1258 Edwardum,
340 1231 426 1259 Regem
448 1230 532 1258 Anglie
554 1230 679 1257 illustrem,
702 1232 726 1252 et
747 1230 862 1252 dilectum
884 1230 979 1257 Filium,
998 1229 1111 1251 Nobilem
1131 1229 1226 1258 Virum,

165 1260 297 1282 Robertum
314 1260 342 1282 de
354 1260 422 1288 Brus,
436 1260 635 1288 inpresenciarum
657 1260 765 1288 Regnum
782 1259 862 1282 Scocie
885 1259 1063 1288 gubernantem,
1076 1260 1101 1281 et
1118 1259 1228 1288 Progeni-

164 1290 227 1311 tores
243 1289 358 1318 ipsorum,
371 1289 523 1311 dissensionis
541 1289 647 1311 odiosam
664 1289 788 1311 materiam
803 1289 828 1311 in
840 1289 918 1310 animo
929 1295 1084 1316 recensemus,
1097 1288 1139 1317 qui
1149 1289 1229 1311 mente

164 1318 307 1341 revolvimus
318 1319 449 1341 animarum
462 1319 568 1340 deflenda
579 1319 684 1347 pericula
695 1320 718 1341 et
730 1318 843 1340 dolendas
855 1318 973 1340 Fidelium
984 1319 1073 1346 strages
1084 1317 1227 1347 innumeras,

165 1348 209 1377 qui*
217 1348 331 1370 horribile
342 1355 421 1370 semen
429 1348 480 1376 ejus
491 1348 532 1370 illo
544 1348 646 1370 Sathane
657 1348 715 1370 flatu
726 1348 839 1376 pestifero
855 1347 923 1376 longe
935 1347 1094 1370 diuturnitate
1104 1347 1227 1376 temporis,

165 1384 213 1406 quo
234 1378 319 1406 alente,
342 1378 462 1406 produxit,
493 1378 564 1406 quive
586 1378 756 1406 multiplicavit
775 1377 900 1406 dispendia
920 1377 1063 1399 facultatum
1080 1378 1104 1399 et
1125 1377 1229 1399 enormia

165 1408 300 1436 frequenter
320 1407 431 1429 Ecclesiis
462 1408 486 1430 et
508 1407 616 1429 Personis
638 1407 809 1429 Ecclesiasticis
830 1407 913 1429 intulit
939 1407 1089 1434 nocumenta,
1110 1407 1228 1434 quantave

165 1437 262 1466 pietatis
274 1437 439 1465 opera—quod
451 1437 520 1458 mesti
542 1436 829 1465 referimus—impedivit,
843 1438 866 1458 et
878 1443 949 1464 quam
969 1435 1121 1464 dispendiosa
1135 1435 1229 1464 paravit

166 1466 288 1488 obstacula
304 1467 400 1495 negocio
416 1467 486 1488 Terre
503 1466 587 1488 Sancte
596 1484 601 1493 ,
619 1468 643 1488 et
654 1466 813 1488 verisimiliter
829 1465 970 1487 formidatur
981 1472 1010 1487 ne
1021 1465 1108 1487 similia
1119 1466 1229 1493 preparet

165 1496 309 1523 infuturum,
322 1497 389 1517 tanto
401 1496 504 1524 amplius
515 1496 671 1517 amaricamur
681 1496 705 1517 in
716 1496 807 1517 intimis
816 1497 839 1517 et
850 1495 965 1522 dolemus,
974 1496 1090 1523 tantoque
1101 1494 1228 1516 acerbioris

164 1525 244 1553 jaculo
255 1525 389 1554 punicionis
400 1525 533 1554 affligimur,
547 1527 636 1553 quanto
646 1525 716 1553 Regis
727 1527 751 1547 et
760 1525 853 1546 Nobilis
865 1524 992 1546 eorundem
1000 1524 1103 1552 quietem
1115 1525 1138 1545 et
1148 1531 1229 1552 pacem

167 1554 348 1576 desiderabilius
359 1555 503 1582 affectamus,
513 1556 537 1576 et
548 1557 638 1583 quanto
649 1555 798 1583 frequencius
810 1554 1001 1576 circumstancias
1012 1560 1103 1575 amaras
1114 1553 1230 1575 discordie

167 1584 293 1612 sepedicto,
305 1584 413 1613 dicteque
420 1584 489 1606 Terre
501 1584 584 1606 Sancte
593 1584 765 1612 insuperabiles
777 1584 895 1605 cruciatus
906 1583 974 1605 nobis
985 1583 1103 1605 interioris
1112 1583 1228 1605 consider-

167 1614 255 1635 acionis
266 1614 381 1635 discussio
399 1615 552 1642 representat,
566 1614 615 1635 vias
632 1615 656 1635 et
673 1613 756 1635 modos
773 1613 913 1641 diligencius
931 1613 1081 1641 exquirentes
1101 1612 1229 1641 exquibus

167 1643 227 1665 circa
237 1643 359 1672 premissa,
372 1643 474 1665 Domino
485 1643 607 1671 dirigente,
621 1643 732 1665 adhibere
743 1643 848 1665 salubria
863 1642 966 1664 remedia
977 1642 1105 1664 valeamus.
1138 1642 1177 1664 Ad
1187 1642 1231 1664 hec

167 1673 237 1694 anxia
263 1672 347 1694 Matris
373 1672 475 1694 Ecclesie
502 1680 567 1694 sacra
593 1673 722 1700 precordia,
750 1679 796 1701 que
822 1672 885 1694 zelus
911 1679 964 1694 vere
985 1672 1090 1694 caritatis
1111 1671 1227 1699 accendit,

167 1702 353 1730 cogitacionibus
375 1703 487 1729 excitant,
501 1702 563 1724 curis
582 1702 690 1729 affluunt,
713 1702 911 1724 meditacionibus
933 1701 1069 1729 detrahunt,
1090 1700 1229 1729 hujusmodi

167 1732 277 1759 remedia,
301 1731 347 1753 sub
368 1738 409 1760 spe
432 1732 530 1754 Celestis
551 1731 643 1759 auxilii,
667 1731 705 1753 cui
726 1733 761 1753 est
779 1731 855 1758 facile,
879 1738 915 1753 res
931 1731 1004 1753 eciam
1023 1730 1159 1759 desperatas
1180 1730 1230 1752 sive

167 1761 295 1783 maluimus
306 1761 419 1783 tarditate
429 1761 539 1790 perficere
558 1761 638 1783 studio
650 1761 769 1789 diligentis
785 1760 943 1782 solicitudinis
960 1760 1130 1788 prosequendo*
1165 1760 1227 1788 Hiis,

168 1797 277 1819 namque,
290 1791 422 1812 tenerrimis
437 1792 533 1819 paterne
545 1790 679 1812 dileccionis
691 1790 787 1812 affectus
799 1790 902 1812 stimulis
914 1790 1038 1818 agitamur,
1051 1791 1075 1811 et
1085 1789 1131 1811 hiis
1142 1789 1230 1811 aculeis

169 1820 305 1848 instigatus,
318 1821 355 1847 ut,
366 1820 448 1842 multis
465 1820 551 1848 quibus
563 1820 613 1841 Rex
630 1820 717 1841 nobilis
726 1821 750 1842 et
761 1820 841 1847 Regna
854 1819 960 1848 predicta
972 1819 1089 1841 malorum
1100 1819 1231 1841 incomodis

169 1850 280 1877 pretextu
291 1851 420 1871 memorate
431 1849 545 1871 discordie
553 1849 731 1871 circumdantur
742 1850 837 1871 omnino
849 1849 943 1876 curatis,
957 1849 1018 1870 inter
1028 1855 1068 1870 eos
1079 1848 1173 1870 unionis
1185 1848 1232 1870 lese

169 1878 247 1900 federa
268 1880 291 1900 et
312 1879 376 1907 pacis
398 1879 484 1901 violate
506 1879 641 1900 constancia
662 1880 811 1906 renoventur,
835 1879 969 1907 Regnorum
995 1878 1102 1906 ipsorum
1126 1878 1230 1906 quietem

169 1908 264 1936 populis
275 1908 427 1936 productura.
460 1909 558 1935 Verum,
568 1908 741 1930 considerantes
753 1908 870 1930 attencius
878 1908 941 1937 quod
949 1915 990 1930 vos
999 1907 1113 1929 bonorum
1124 1907 1231 1929 omnium

169 1937 277 1965 Largitor
288 1938 426 1960 Altissimus
443 1938 574 1960 multarum
591 1938 721 1966 graciarum
740 1938 817 1959 titulis
835 1937 964 1966 insignivit,
978 1939 1002 1959 et
1017 1937 1046 1959 de
1057 1937 1153 1959 creditis
1164 1937 1231 1958 vobis

170 1966 232 1988 dono
258 1967 338 1989 celesti
359 1967 489 1989 virtutibus
509 1967 603 1996 plenam
627 1968 651 1989 in
673 1967 774 1989 Domino
801 1967 911 1989 fiduciam
938 1967 1080 1995 optinentes,
1103 1973 1153 1994 vos,
1176 1966 1231 1988 licet

169 1997 289 2024 presencia
305 1998 383 2018 vestra
398 2004 526 2023 careamus,
540 1997 604 2018 mitti
623 1997 653 2018 ad
671 1997 732 2018 dicia
750 1997 830 2025 Regna
845 1998 868 2018 et
881 1996 994 2018 Hibernis
1005 1997 1029 2018 et
1040 1995 1126 2017 Wallie
1142 1997 1230 2024 partes,

168 2032 211 2054 pro
237 2026 295 2047 Pace
322 2026 384 2048 inter
407 2026 494 2055 Regem
511 2028 534 2048 et
554 2026 665 2048 Nobilem
687 2026 844 2054 supradictos,
864 2026 913 2048 Deo
936 2025 1051 2054 propicio,
1072 2025 1229 2053 reformanda,

167 2056 290 2084 tamquam
301 2055 368 2077 Pacis
379 2056 482 2084 Angelos
493 2057 517 2078 et
527 2055 629 2078 fervidos
640 2056 763 2078 concordie
779 2055 899 2083 zelatores,
912 2055 1067 2084 providimus,
1080 2054 1109 2076 de
1122 2054 1232 2076 Fratrum

81 2085 308 2110 101.1³2.n0strorum
329 2085 427 2107 consilio
453 2085 613 2108 destinandos.
645 2085 723 2113 Quare
748 2085 915 2108 discrecionem
941 2086 1045 2107 vestram
1065 2084 1190 2107 hortamur
1210 2083 1235 2106 in
