1328 2295
52 511 90 532 τοι.
99 503 142 532 1sb.

363 133 542 161 GENERAL
568 132 908 160 INDEX—BOSHAM.
1165 124 1209 159 71

152 213 269 243 Capitula
291 221 337 236 sua
359 213 385 236 iu
409 213 496 237 eodem
517 212 607 242 Choro,
627 212 727 236 citando
747 212 883 236 canonicos
904 214 930 236 et
949 212 1076 236 Ministros
1096 212 1210 243 ejusdem

152 245 227 269 Chori
239 246 271 269 ad
283 245 434 269 veniendum
447 253 529 269 coram
541 245 594 275 ipso
605 245 733 275 Episcopo,
743 253 904 275 responsuros
916 245 942 268 in
952 245 1074 275 Capitulis
1086 245 1209 275 predictis,

150 280 175 300 et
187 286 228 301 eos
238 278 412 308 suspendendo
423 286 466 308 pro
476 286 504 301 eo
514 278 581 308 quod
590 285 673 301 coram
681 286 708 301 eo
720 278 746 301 in
756 278 878 308 Capitulis
888 277 939 301 suis
948 285 998 301 non
1009 280 1209 308 comparuerunt,

151 312 177 333 et
192 310 239 333 alia
255 310 363 333 Domino
382 311 443 340 Regi
457 310 791 341 prejudicialia‚—videlicet‚
806 310 956 340 Episcopum
973 310 1148 339 Exoniensem,
1164 310 1208 340 qui

151 344 189 365 est
212 343 325 373 ejusdem
350 343 448 373 capelle
472 344 596 372 Decanus,
620 343 866 372 excommunicando,
885 345 911 365 et
930 342 1014 373 ipsum
1037 342 1206 366 excommuni-

150 377 235 398 catum
252 383 295 405 per
307 377 387 398 totam
401 375 523 398 Diocesim
541 383 612 398 suam
631 375 729 405 publice
745 375 919 398 denunciando
933 383 938 403 ;
956 383 984 398 ea
999 383 1047 406 que
1063 383 1107 405 per
1124 375 1207 405 ipsum

150 410 211 431 sunt
228 407 340 431 indebite
356 410 508 438 attemptata
528 416 578 431 non
595 408 740 436 revocando,
758 410 797 431 set
813 415 926 431 revocare
946 407 1089 436 differendo,
1108 409 1162 436 etc„
1181 407 1207 431 in

150 440 318 470 prejudicium
334 440 408 470 Regis
427 442 453 463 et
468 440 590 464 libertatis
609 440 707 470 Capelle
723 440 797 470 Regis
816 440 926 470 predicte
942 440 1069 469 lesionem,
1080 442 1106 463 et
1122 441 1208 463 contra

150 472 347 496 Prohibicionem
365 473 475 502 Regiam,
491 475 544 502 etc,
558 473 583 496 in
601 475 775 503 contemptum
793 472 895 496 Domini
912 473 986 503 Regis
1006 473 1090 496 decem
1107 472 1207 495 milium

152 505 280 528 librarum.
317 505 352 528 Et
368 505 414 528 hoc
430 506 503 528 offert
521 505 645 528 verificare
666 513 710 535 pro
728 505 836 528 Domino
854 506 927 535 Rege,
946 507 993 528 etc.
1029 505 1063 528 Et
1080 504 1207 535 predictus

150 537 276 561 Johannes
301 538 445 568 Episcopus,
467 538 492 561 in
517 538 615 568 propria
638 545 741 568 persona
762 546 814 566 sua,
835 538 905 561 venit
927 540 953 561 et
975 537 1089 560 defendit
1107 537 1158 561 vim
1181 539 1207 560 et

149 569 266 600 injuriam
280 572 305 593 et
317 570 437 600 quicquid
450 572 488 593 est
499 570 524 593 in
538 573 711 600 contemptum
725 570 804 600 Regis,
816 572 862 594 etc.
896 570 931 593 Et
943 569 1005 593 dicit
1016 570 1084 600 quod
1096 569 1208 600 predicta

150 602 259 625 Ecclesia
270 603 301 625 de
314 603 435 625 Boseham
448 611 497 625 non
510 605 548 626 est
561 603 649 625 Libera
670 602 769 633 Capella
787 602 889 626 Domini
905 602 985 632 Regis,
999 604 1025 626 et
1042 602 1088 625 hoc
1105 603 1207 632 paratus

150 637 188 658 est
200 635 331 664 verificare,
342 638 417 665 prout
427 635 502 658 Curia
515 635 616 658 Domini
626 635 699 665 Regis
711 635 911 658 consideraverit.
940 636 975 658 Et
983 643 1057 666 super
1069 635 1115 657 hoc
1125 634 1205 665 quesi-

149 669 206 690 tum
223 670 261 690 est
278 675 321 697 per
337 668 478 698 predictum
496 667 584 696 Adam,
602 667 645 697 qui
661 667 783 698 sequitur,
800 670 854 697 etc,
868 675 882 691 a
898 667 1010 698 predicto
1029 667 1158 697 Episcopo,
1178 674 1206 690 ac

150 699 227 723 eciam
240 708 283 730 per
295 700 457 729 Justiciarios,
470 700 491 723 si
502 700 570 723 aliud
583 700 644 723 velit
655 700 735 723 dicere
748 708 791 730 pro
803 700 962 730 responsione
974 700 1000 723 in
1013 700 1145 730 premissis,
1158 701 1204 723 etc.

150 732 185 755 Et
197 733 334 763 Episcopus
346 733 407 756 dicit
419 733 487 762 quod
499 733 550 763 ipse
562 735 632 755 tenet
647 741 673 755 se
690 733 721 755 ad
736 733 920 763 responsionem
933 733 1078 763 predictam,
1091 734 1137 756 etc.
1173 732 1207 755 Et

151 765 276 795 predictus
294 765 375 788 Adam
394 766 437 795 qui
455 768 509 794 etc„
528 765 590 788 dicit
607 765 674 795 quod
692 765 820 795 predictus
836 765 973 795 Episcopus
992 767 1094 788 vocatus
1114 766 1152 788 est
1175 764 1207 788 ad

151 797 251 821 Curiam
268 797 307 820 hic
323 798 354 820 ad
370 798 571 827 respondendum
591 798 699 820 Domino
719 798 779 828 Regi
799 798 830 821 de
851 805 879 821 eo
898 798 965 828 quod
982 797 1049 821 idem
1069 797 1206 827 Episcopus

149 829 165 853 J
169 830 356 853 urisdiccionem
374 830 529 853 Ordinariam
546 830 657 853 exercuit
670 830 694 853 in
714 830 813 860 Capella
826 829 900 860 Regis
917 830 1035 860 predicta,
1048 832 1135 853 contra
1147 829 1205 853 Pro-

150 862 299 885 hibicionem
326 863 435 893 Regiam,
459 863 525 886 sicut
544 863 685 893 predictum
708 865 752 891 est,
777 865 802 885 et
822 871 872 886 non
896 863 927 886 ad
950 862 1152 893 respondendum
1175 870 1207 885 an

149 895 260 925 predicta
272 895 380 918 Ecclesia
392 895 422 918 de
435 895 556 918 Boseham
569 895 602 918 sit
615 896 702 918 Libera
716 895 815 925 Capella
825 895 897 926 Regis
907 903 951 918 nec
961 903 991 918 ne
1002 903 1007 923 ;
1025 897 1064 918 set
1073 895 1139 918 idem
1148 894 1207 925 Epi·

151 935 240 957 scopus
262 935 312 950 non
341 928 433 950 dedicit
464 928 525 957 quin
555 927 570 950 J
574 928 761 950 urisdiccionem
791 928 947 951 Ordinariam
975 927 1069 951 ibidem
1097 927 1209 950 exercuit

152 962 178 982 et
201 968 312 983 exercere
335 961 494 990 presumpsit,
519 963 604 983 contra
629 960 827 983 Prohibicionem
849 960 969 990 Regiam3
993 968 1038 983 nec
1060 959 1208 990 hujusmodi

153 992 249 1015 factum
278 1000 353 1015 suum
379 993 404 1015 iu
428 993 473 1015 hac
502 995 572 1023 parte
601 993 724 1023 justificat
752 1001 796 1016 nec
824 993 960 1023 justificare
988 995 1066 1022 curat,
1090 994 1120 1015 ut
1148 991 1208 1015 Loci

155 1025 308 1054 Ordinarius,
332 1028 370 1048 set
396 1028 517 1055 tanquam
545 1025 752 1048 Jurisdiccionem
779 1025 934 1048 ordinariam
957 1033 1007 1048 non
1030 1025 1124 1048 habens
1147 1024 1209 1048 dicit

153 1058 221 1088 quod
248 1058 358 1088 predicta
382 1058 490 1081 Ecclesia
513 1066 563 1081 11011
587 1060 625 1080 est
649 1058 737 1080 Libera
760 1058 859 1088 Capelle
884 1057 986 1080 Domini
1010 1057 1090 1088 Regis,
1113 1059 1140 1081 et
1163 1057 1210 1080 hoc

153 1090 278 1113 verificare
307 1091 434 1120 pretendit
458 1098 462 1119 ;
491 1098 547 1120 que,
571 1090 679 1120 quidem,
708 1090 843 1113 verificacio
868 1090 973 1113 sortitur
1003 1092 1119 1113 naturam
1147 1089 1210 1113 meri

153 1122 216 1152 juris
233 1130 308 1153 super
328 1123 443 1145 libertate
468 1123 565 1152 Capellc
587 1123 696 1152 predicte
714 1125 740 1145 et
757 1131 806 1145 non
824 1123 855 1145 ad
873 1123 1083 1153 acquietacionem
1103 1120 1210 1153 predicti

154 1155 269 1185 Episcopi
289 1155 372 1185 quoad
396 1155 615 1185 transgressionem
636 1155 780 1185 predictam,
804 1158 829 1178 et
849 1163 898 1185 que
918 1154 1054 1178 verificacio
1071 1162 1145 1185 super
1162 1154 1210 1177 isto

153 1187 226 1210 Brevi
242 1188 273 1210 de
288 1188 482 1217 transgressione
499 1196 549 1210 uon
565 1190 604 1210 est
620 1188 777 1218 acceptanda.
815 1188 883 1211 Petit
897 1187 1022 1218 judicium
1040 1195 1084 1218 pro
1102 1187 1211 1210 Domino

154 1220 221 1250 Rege
245 1220 276 1243 de
299 1220 410 1250 predicto
432 1220 554 1250 Episcopo
578 1222 699 1250 tanquam
717 1220 853 1249 indefenso,
874 1222 919 1243 etc.
955 1221 989 1243 Et
1006 1220 1133 1250 predictus
1152 1219 1210 1250 Epi-

153 1260 242 1282 scopus
257 1252 318 1275 dicit
334 1253 402 1283 quod
421 1260 451 1275 ex
464 1261 514 1283 quo
530 1253 653 1275 Dominus
667 1253 719 1275 Rex
734 1260 832 1275 causam
845 1253 918 1276 istius
935 1253 1034 1283 querele
1047 1252 1125 1275 sumit
1136 1260 1167 1275 ex
1183 1260 1211 1275 eo

153 1285 221 1314 quod
230 1285 321 1308 dicitur
331 1286 397 1314 quod
409 1286 520 1315 predicta
534 1285 642 1308 Ecclesia
652 1288 689 1308 est
703 1285 791 1308 Libera
804 1285 903 1315 Capella
913 1285 990 1315 ipsius
1002 1285 1104 1308 Domini
1117 1284 1191 1315 Regis
1203 1292 1211 1313 ς

152 1317 183 1340 ad
196 1318 263 1347 quod
276 1318 342 1340 idem
355 1318 493 1348 Episcopus
507 1318 641 1348 respondet
659 1318 726 1347 quod
746 1317 855 1340 Ecclesia
870 1317 913 1340 illa
928 1318 959 1340 de
977 1317 1099 1340 Boseham
1111 1324 1161 1340 non
1173 1319 1212 1340 est

152 1349 241 1373 Libera
254 1350 353 1380 Capella
366 1351 439 1380 Regis
450 1358 454 1377 ;
475 1352 506 1379 et,
520 1350 539 1373 si
553 1350 638 1373 eadem
655 1358 704 1373 non
721 1350 754 1373 sit
767 1350 855 1373 Libera
868 1350 967 1380 Capella
980 1350 1060 1380 Regis,
1073 1352 1134 1373 tune
1146 1349 1213 1372 idem

154 1382 291 1412 Episcopus
309 1390 365 1413 erga
384 1383 522 1405 Dominum
541 1383 633 1412 Regem
652 1383 677 1405 111
696 1383 764 1405 1111110
782 1383 807 1405 111
826 1383 871 1405 hac
889 1385 958 1413 parte
976 1383 1090 1413 deliquit,
1102 1384 1128 1405 et
1145 1382 1212 1405 idem

156 1415 291 1445 Episcopus
304 1415 429 1438 verificare
442 1415 569 1445 pretendit
582 1416 648 1445 quod
659 1415 764 1438 Ecclesia
779 1415 820 1438 illa
831 1423 879 1438 non
892 1417 930 1438 est
943 1415 1039 1444 Libera,
1049 1417 1102 1444 etc„
1113 1414 1213 1438 videtur

154 1447 177 1470 ei
197 1448 264 1477 quod
285 1448 411 1477 responsio
433 1448 480 1470 ista
501 1448 547 1470 sibi
566 1448 677 1470 sufficere
698 1447 772 1471 debet
793 1449 818 1470 111
837 1447 882 1470 hac
902 1450 980 1478 parte,
1000 1450 1025 1471 et
1045 1455 1070 1470 se
1091 1449 1162 1470 tenet
1181 1447 1213 1470 ad

153 1480 337 1509 responsionem
350 1480 431 1503 istam.
463 1481 497 1503 Et
509 1481 635 1510 prodictus
652 1480 741 1509 Adam,
754 1480 797 1510 qui
811 1480 932 1510 sequitur,
946 1482 999 1509 etc,
1013 1480 1080 1509 dicit,
1094 1481 1124 1502 ut
1136 1479 1212 1510 prius,

155 1512 222 1542 quod
241 1512 377 1542 Episcopus
399 1513 559 1536 Cicestrensis
577 1520 626 1535 non
644 1513 737 1535 dedicit
755 1513 815 1543 quin
834 1513 848 1536 J
853 1513 1040 1536 uiisdiccionem
1058 1512 1214 1536 Ordinariam

156 1545 267 1568 exercuit
289 1545 315 1567 iu
339 1545 438 1575 Capella
461 1546 579 1575 predicta,
601 1545 715 1575 precipue
739 1545 764 1568 in
795 1545 883 1574 Choro,
905 1547 959 1574 etc,
984 1546 1021 1573 (nt
1044 1544 1129 1574 supra)
1146 1552 1151 1573 ;
1169 1551 1215 1567 uec

156 1577 222 1600 idem
233 1577 369 1607 Episcopus
378 1577 437 1600 dicit
447 1578 514 1608 quod
527 1578 578 1608 ipse
591 1580 629 1600 est
641 1577 787 1601 Ordinarius
799 1577 865 1600 illius
874 1578 939 1606 Loci,
952 1585 997 1600 nec
1009 1578 1077 1608 quod
1089 1577 1120 1600 ad
1132 1577 1215 1607 ipsum

156 1609 307 1640 Episcopum
344 1610 507 1640 quovismodo
542 1610 666 1640 pertineat
702 1610 908 1633 -Jurisdiccionem
935 1610 1092 1633 Ordinariam
1119 1609 1214 1632 ibidem

156 1649 274 1671 exercere,
288 1650 332 1665 nec
348 1643 442 1672 aliquid
459 1643 526 1665 aliud
543 1643 610 1671 «licit,
624 1650 668 1665 nec
684 1643 764 1665 dicere
782 1645 853 1665 curat
867 1650 943 1673 super
960 1642 1014 1670 sibi,
1027 1645 1057 1665 ut
1071 1641 1214 1672 predicitur,

155 1674 284 1704 impositis,
314 1674 362 1698 nisi
389 1678 489 1698 tantum
517 1676 584 1705 quod
607 1675 674 1698 dicut
694 1675 761 1705 quod
788 1675 896 1698 Ecclesia
918 1675 960 1698 illa
987 1683 1036 1698 non
1065 1677 1103 1697 est
1127 1674 1215 1697 Libera

157 1707 255 1737 Capella
279 1706 359 1737 Regis,
383 1710 409 1730 et
431 1707 477 1730 hoc
496 1707 619 1730 verificare
641 1708 786 1738 prcteudit3
804 1715 853 1737 que
876 1708 986 1737 quidem,
1007 1707 1142 1730 verificacio
1165 1714 1215 1729 non

154 1741 192 1762 est
209 1739 371 1768 admittenda,
390 1742 419 1763 ut
437 1740 578 1770 predictum
596 1742 640 1763 est,
676 1740 744 1763 Petit
759 1740 888 1763 Judicium
906 1748 950 1770 pro
968 1740 1076 1763 Domino
1095 1739 1168 1770 Rege,
1186 1741 1216 1761 ut

157 1771 232 1802 prius,
256 1774 301 1795 etc.
346 1773 380 1795 Et
408 1773 474 1795 idem
498 1773 579 1795 Adam
608 1773 638 1795 ab
662 1772 716 1795 istis
739 1780 783 1802 pro
807 1772 913 1795 Domino
943 1773 1009 1803 Rege
1032 1772 1143 1802 allegatis
1165 1779 1216 1794 non

157 1804 301 1833 recedendo,
319 1812 363 1827 nec
380 1813 408 1827 ea
424 1813 467 1827 seu
484 1813 570 1828 e01um
591 1805 691 1835 aliquod
710 1805 880 1835 lelinquendo,
899 1812 943 1828 nec
962 1805 1099 1835 predictam
1116 1811 1216 1834 respon-

159 1836 253 1859 sionem
271 1837 376 1866 predicti
398 1837 512 1867 Episcopi
531 1837 671 1867 iliqualitei
691 1838 849 1867 acceptando,
862 1837 923 1860 dicit
942 1838 1016 1867 quod,
1033 1837 1065 1860 ad
1080 1836 1216 1867 pleniorem

158 1868 360 1892 informacionem
382 1870 455 1893 Cuiie
478 1870 503 1892 111
527 1870 660 1900 premissis,
680 1870 747 1899 quod
776 1870 879 1899 quidam
897 1870 1015 1899 Magister
1038 1869 1162 1893 Robertus
1185 1868 1216 1891 de

162 1901 250 1930 Leiset,
271 1901 468 1925 Archidiaconus
488 1902 612 1931 Cicestrie
639 1905 664 1925 et
684 1902 807 1925 Robeitus
824 1903 854 1925 de
871 1902 996 1932 Endmby,
1018 1902 1072 1932 ejus
1094 1900 1216 1929 Officialis,

158 1933 216 1956 alias
244 1934 373 1957 attachiati
398 1934 502 1957 fuerunt
531 1935 562 1957 ad
588 1935 787 1964 respondendum
813 1934 920 1957 Domino
950 1934 1010 1964 Regi
1034 1935 1065 1957 de
1093 1919 1216 1957 consimili

160 1965 261 1995 Placito,
275 1974 349 1996 quare
362 1967 462 1996 scilicet,
475 1975 532 1990 cum
545 1968 656 1997 predicta
675 1967 782 1990 Ecclesia
795 1967 825 1989 <le
842 1967 961 1990 Boseham
973 1967 1006 1989 sit
1020 1967 1108 1990 Libera
1118 1965 1218 1996 Capella

160 1997 261 2021 Domini
278 1999 357 2029 Regis,
379 2001 403 2022 et
425 1999 455 2022 ab
473 2000 541 2022 omni
558 2000 737 2023 Jurisdiccione
756 1999 892 2028 Ordinaria,
912 1999 1027 2029 precipue
1044 2000 1169 2029 quantum
1185 1997 1218 2020 ad

160 2030 277 2058 Chorum,
301 2034 355 2060 etc,
379 2032 417 2060 (ut
440 2033 533 2062 supra),
554 2035 669 2062 exempta
691 2032 791 2062 penitus
814 2034 839 2054 et
862 2031 990 2060 immunis,
1008 2030 1113 2061 predicti
1130 2030 1216 2053 Archi-

162 2062 278 2086 diaconus
290 2066 316 2087 et
328 2063 382 2094 ejus
395 2064 511 2088 Officialis
523 2065 539 2088 J
543 2064 731 2087 urisdiccionem
744 2064 900 2088 Ordinariam
916 2064 942 2087 in
960 2064 1049 2093 Choro,
1062 2065 1116 2092 ete,
1129 2070 1172 2093 per
1183 2069 1217 2091 se,

161 2096 187 2118 et
198 2103 255 2119 suos
267 2096 367 2120 nomine
384 2097 502 2127 ipsorum,
516 2105 627 2121 exercere
644 2099 857 2127 presumpserunt,
870 2098 914 2120 etc.
929 2104 934 2126 ;
952 2104 1027 2127 super
1038 2103 1096 2126 quo,
1106 2095 1216 2126 quidem,
