<?xml version="1.0" encoding="UTF-8"?>
<!DOCTYPE html PUBLIC "-//W3C//DTD XHTML 1.0 Transitional//EN"
    "http://www.w3.org/TR/xhtml1/DTD/xhtml1-transitional.dtd">
<html xmlns="http://www.w3.org/1999/xhtml" xml:lang="en" lang="en">
 <head>
  <title>
</title>
<meta http-equiv="Content-Type" content="text/html;charset=utf-8" />
  <meta name='ocr-system' content='tesseract 3.04.00' />
  <meta name='ocr-capabilities' content='ocr_page ocr_carea ocr_par ocr_line ocrx_word'/>
</head>
<body>
  <div class='ocr_page' id='page_1' title='image "./registerofwalter00exet_0149.png"; bbox 0 0 1328 2295; ppageno 0'>
   <div class='ocr_carea' id='block_1_1' title="bbox 449 152 1194 189">
    <p class='ocr_par' dir='ltr' id='par_1_1' title="bbox 449 152 1194 189">
     <span class='ocr_line' id='line_1_1' title="bbox 449 152 1194 189; baseline 0.003 -2"><span class='ocrx_word' id='word_1_1' title='bbox 449 160 622 187; x_wconf 78' lang='lat' dir='ltr'><strong>GENERAL</strong></span> <span class='ocrx_word' id='word_1_2' title='bbox 659 160 791 189; x_wconf 73' lang='lat' dir='ltr'>mnnx.</span> <span class='ocrx_word' id='word_1_3' title='bbox 1125 152 1194 189; x_wconf 87' lang='lat'>107</span> 
     </span>
    </p>
   </div>
   <div class='ocr_carea' id='block_1_2' title="bbox 135 238 1197 400">
    <p class='ocr_par' dir='ltr' id='par_1_2' title="bbox 135 238 1197 400">
     <span class='ocr_line' id='line_1_2' title="bbox 135 238 1197 270; baseline -0.001 -7"><span class='ocrx_word' id='word_1_4' title='bbox 135 239 226 269; x_wconf 87' lang='lat' dir='ltr'>quibus</span> <span class='ocrx_word' id='word_1_5' title='bbox 248 239 379 263; x_wconf 80' lang='lat' dir='ltr'>nobiseum</span> <span class='ocrx_word' id='word_1_6' title='bbox 401 239 536 270; x_wconf 81' lang='lat' dir='ltr'>solempnis</span> <span class='ocrx_word' id='word_1_7' title='bbox 558 241 585 263; x_wconf 90' lang='lat' dir='ltr'>et</span> <span class='ocrx_word' id='word_1_8' title='bbox 604 239 709 270; x_wconf 80' lang='lat' dir='ltr'>diligens</span> <span class='ocrx_word' id='word_1_9' title='bbox 727 238 828 263; x_wconf 84' lang='lat' dir='ltr'>habitus</span> <span class='ocrx_word' id='word_1_10' title='bbox 846 240 885 262; x_wconf 85' lang='lat' dir='ltr'>est</span> <span class='ocrx_word' id='word_1_11' title='bbox 903 240 1033 267; x_wconf 79' lang='lat' dir='ltr'>tractatus,</span> <span class='ocrx_word' id='word_1_12' title='bbox 1049 245 1197 262; x_wconf 86' lang='lat' dir='ltr'>consensum</span> 
     </span>
     <span class='ocr_line' id='line_1_3' title="bbox 135 271 1196 302; baseline -0.001 -7"><span class='ocrx_word' id='word_1_13' title='bbox 135 274 275 302; x_wconf 68' lang='lat' dir='ltr'>prestantes</span> <span class='ocrx_word' id='word_1_14' title='bbox 287 272 430 295; x_wconf 84' lang='lat' dir='ltr'><strong>unanimem</strong></span> <span class='ocrx_word' id='word_1_15' title='bbox 443 274 469 295; x_wconf 90' lang='lat' dir='ltr'>et</span> <span class='ocrx_word' id='word_1_16' title='bbox 480 280 616 301; x_wconf 75' lang='lat' dir='ltr'>assensum,</span> <span class='ocrx_word' id='word_1_17' title='bbox 628 274 755 302; x_wconf 71' lang='lat' dir='ltr'>presentes</span> <span class='ocrx_word' id='word_1_18' title='bbox 768 272 863 295; x_wconf 79' lang='lat' dir='ltr'>Literas</span> <span class='ocrx_word' id='word_1_19' title='bbox 875 272 901 294; x_wconf 90' lang='lat' dir='ltr'>in</span> <span class='ocrx_word' id='word_1_20' title='bbox 910 271 1084 295; x_wconf 86' lang='lat' dir='ltr'>testimonium</span> <span class='ocrx_word' id='word_1_21' title='bbox 1096 279 1196 294; x_wconf 84' lang='lat' dir='ltr'>consen-</span> 
     </span>
     <span class='ocr_line' id='line_1_4' title="bbox 136 303 1197 335; baseline -0.001 -7"><span class='ocrx_word' id='word_1_22' title='bbox 136 312 178 327; x_wconf 78' lang='lat' dir='ltr'>sus</span> <span class='ocrx_word' id='word_1_23' title='bbox 198 306 224 328; x_wconf 83' lang='lat' dir='ltr'>et</span> <span class='ocrx_word' id='word_1_24' title='bbox 243 306 366 328; x_wconf 82' lang='lat' dir='ltr'>tractatus</span> <span class='ocrx_word' id='word_1_25' title='bbox 386 304 540 335; x_wconf 81' lang='lat' dir='ltr'>hujusmodi,</span> <span class='ocrx_word' id='word_1_26' title='bbox 560 305 634 334; x_wconf 81' lang='lat' dir='ltr'>sigilli</span> <span class='ocrx_word' id='word_1_27' title='bbox 658 304 737 328; x_wconf 88' lang='lat' dir='ltr'>nostri</span> <span class='ocrx_word' id='word_1_28' title='bbox 757 304 895 328; x_wconf 86' lang='lat' dir='ltr'>munimine</span> <span class='ocrx_word' id='word_1_29' title='bbox 920 304 1025 327; x_wconf 78' lang='lat' dir='ltr'>fecimus</span> <span class='ocrx_word' id='word_1_30' title='bbox 1048 303 1197 327; x_wconf 81' lang='lat' dir='ltr'>roborari.—</span> 
     </span>
     <span class='ocr_line' id='line_1_5' title="bbox 135 336 1196 368; baseline -0.001 -8"><span class='ocrx_word' id='word_1_31' title='bbox 135 337 232 360; x_wconf 79' lang='lat' dir='ltr'>Datum</span> <span class='ocrx_word' id='word_1_32' title='bbox 243 337 290 366; x_wconf 86' lang='lat' dir='ltr'>die,</span> <span class='ocrx_word' id='word_1_33' title='bbox 302 337 362 366; x_wconf 84' lang='lat' dir='ltr'>Ioco,</span> <span class='ocrx_word' id='word_1_34' title='bbox 375 339 401 360; x_wconf 91' lang='lat' dir='ltr'>et</span> <span class='ocrx_word' id='word_1_35' title='bbox 412 345 477 360; x_wconf 85' lang='lat' dir='ltr'>anno</span> <span class='ocrx_word' id='word_1_36' title='bbox 489 337 722 368; x_wconf 73' lang='lat' dir='ltr'>supradictis—fol.</span> <span class='ocrx_word' id='word_1_37' title='bbox 739 337 866 361; x_wconf 53' lang='lat' dir='ltr'>lei—Sir</span> <span class='ocrx_word' id='word_1_38' title='bbox 878 336 986 360; x_wconf 76' lang='lat' dir='ltr'>william</span> <span class='ocrx_word' id='word_1_39' title='bbox 999 336 1030 360; x_wconf 90' lang='lat' dir='ltr'>de</span> <span class='ocrx_word' id='word_1_40' title='bbox 1042 336 1196 367; x_wconf 82' lang='lat' dir='ltr'>Hengheste·</span> 
     </span>
     <span class='ocr_line' id='line_1_6' title="bbox 136 369 861 400; baseline 0 -7"><span class='ocrx_word' id='word_1_41' title='bbox 136 371 197 399; x_wconf 77' lang='lat' dir='ltr'>cote,</span> <span class='ocrx_word' id='word_1_42' title='bbox 211 369 358 399; x_wconf 80' lang='lat' dir='ltr'>subdeacon,</span> <span class='ocrx_word' id='word_1_43' title='bbox 371 370 409 399; x_wconf 85' lang='lat' dir='ltr'>R.‚</span> <span class='ocrx_word' id='word_1_44' title='bbox 422 377 456 393; x_wconf 83' lang='lat' dir='ltr'>see</span> <span class='ocrx_word' id='word_1_45' title='bbox 474 369 488 380; x_wconf 89' lang='lat'><strong><em>“</em></strong></span> <span class='ocrx_word' id='word_1_46' title='bbox 498 370 596 393; x_wconf 84' lang='lat' dir='ltr'>Letters</span> <span class='ocrx_word' id='word_1_47' title='bbox 609 369 764 400; x_wconf 73' lang='lat' dir='ltr'>Dimissory⁰</span> <span class='ocrx_word' id='word_1_48' title='bbox 778 377 783 397; x_wconf 88' lang='lat'>;</span> <span class='ocrx_word' id='word_1_49' title='bbox 804 369 861 393; x_wconf 84' lang='lat' dir='ltr'>ibid.</span> 
     </span>
    </p>
   </div>
   <div class='ocr_carea' id='block_1_3' title="bbox 39 409 1200 1349">
    <p class='ocr_par' dir='ltr' id='par_1_3' title="bbox 39 409 764 452">
     <span class='ocr_line' id='line_1_7' title="bbox 39 409 764 452; baseline 0.001 -12"><span class='ocrx_word' id='word_1_50' title='bbox 39 409 314 451; x_wconf 85' lang='lat' dir='ltr'>[Olyst-Honiton</span> <span class='ocrx_word' id='word_1_51' title='bbox 330 410 613 452; x_wconf 79' lang='lat' dir='ltr'>(Clysthynetone‚</span> <span class='ocrx_word' id='word_1_52' title='bbox 631 410 764 450; x_wconf 84' lang='lat' dir='ltr'>MS.&gt;,——-</span> 
     </span>
    </p>

    <p class='ocr_par' dir='ltr' id='par_1_4' title="bbox 110 452 1200 1265">
     <span class='ocr_line' id='line_1_8' title="bbox 110 452 1196 484; baseline -0.001 -8"><span class='ocrx_word' id='word_1_53' title='bbox 110 453 238 477; x_wconf 70' lang='lat' dir='ltr'>Visitation</span> <span class='ocrx_word' id='word_1_54' title='bbox 249 453 283 484; x_wconf 93' lang='lat' dir='ltr'>by</span> <span class='ocrx_word' id='word_1_55' title='bbox 294 453 401 477; x_wconf 79' lang='lat' dir='ltr'>Masters</span> <span class='ocrx_word' id='word_1_56' title='bbox 414 453 507 477; x_wconf 85' lang='lat' dir='ltr'>Robert</span> <span class='ocrx_word' id='word_1_57' title='bbox 520 454 550 477; x_wconf 85' lang='lat' dir='ltr'>de</span> <span class='ocrx_word' id='word_1_58' title='bbox 563 454 647 477; x_wconf 84' lang='lat' dir='ltr'>Veteri</span> <span class='ocrx_word' id='word_1_59' title='bbox 659 454 734 477; x_wconf 79' lang='lat' dir='ltr'>Terra</span> <span class='ocrx_word' id='word_1_60' title='bbox 745 454 795 477; x_wconf 82' lang='lat' dir='ltr'>and</span> <span class='ocrx_word' id='word_1_61' title='bbox 807 453 874 477; x_wconf 82' lang='lat' dir='ltr'>John</span> <span class='ocrx_word' id='word_1_62' title='bbox 887 453 917 476; x_wconf 88' lang='lat' dir='ltr'>de</span> <span class='ocrx_word' id='word_1_63' title='bbox 931 453 1074 483; x_wconf 64' lang='lat' dir='ltr'>Uphawue,</span> <span class='ocrx_word' id='word_1_64' title='bbox 1086 454 1114 475; x_wconf 73' lang='lat'>14</span> <span class='ocrx_word' id='word_1_65' title='bbox 1127 452 1196 483; x_wconf 74' lang='lat' dir='ltr'>July,</span> 
     </span>
     <span class='ocr_line' id='line_1_9' title="bbox 137 485 1198 517; baseline -0.001 -8"><span class='ocrx_word' id='word_1_66' title='bbox 137 486 281 515; x_wconf 72' lang='lat' dir='ltr'>1301‚—die</span> <span class='ocrx_word' id='word_1_67' title='bbox 303 486 406 510; x_wconf 81' lang='lat' dir='ltr'>Veneris</span> <span class='ocrx_word' id='word_1_68' title='bbox 431 489 551 517; x_wconf 85' lang='lat' dir='ltr'>sequente</span> <span class='ocrx_word' id='word_1_69' title='bbox 575 486 689 515; x_wconf 81' lang='lat' dir='ltr'>[Festum</span> <span class='ocrx_word' id='word_1_70' title='bbox 713 486 893 509; x_wconf 85' lang='lat' dir='ltr'>Translacionis</span> <span class='ocrx_word' id='word_1_71' title='bbox 917 486 988 509; x_wconf 84' lang='lat' dir='ltr'>Beati</span> <span class='ocrx_word' id='word_1_72' title='bbox 1017 485 1198 514; x_wconf 68' lang='lat' dir='ltr'>Benedicti}—</span> 
     </span>
     <span class='ocr_line' id='line_1_10' title="bbox 137 518 1194 548; baseline -0.002 -6"><span class='ocrx_word' id='word_1_73' title='bbox 137 518 266 542; x_wconf 87' lang='lat' dir='ltr'>“Nullum</span> <span class='ocrx_word' id='word_1_74' title='bbox 279 519 428 542; x_wconf 86' lang='lat' dir='ltr'>Psalterium</span> <span class='ocrx_word' id='word_1_75' title='bbox 446 519 472 542; x_wconf 93' lang='lat' dir='ltr'>in</span> <span class='ocrx_word' id='word_1_76' title='bbox 485 518 593 542; x_wconf 81' lang='lat' dir='ltr'>Ecclesia</span> <span class='ocrx_word' id='word_1_77' title='bbox 605 519 652 541; x_wconf 86' lang='lat' dir='ltr'>nisi</span> <span class='ocrx_word' id='word_1_78' title='bbox 664 519 688 542; x_wconf 87' lang='lat' dir='ltr'>in</span> <span class='ocrx_word' id='word_1_79' title='bbox 704 518 865 542; x_wconf 76' lang='lat' dir='ltr'>Antifonario.</span> <span class='ocrx_word' id='word_1_80' title='bbox 902 519 1017 548; x_wconf 76' lang='lat' dir='ltr'>Legenda</span> <span class='ocrx_word' id='word_1_81' title='bbox 1029 518 1094 541; x_wconf 86' lang='lat' dir='ltr'>male</span> <span class='ocrx_word' id='word_1_82' title='bbox 1111 518 1194 548; x_wconf 78' lang='lat' dir='ltr'>ligata.</span> 
     </span>
     <span class='ocr_line' id='line_1_11' title="bbox 136 549 1198 581; baseline -0.001 -7"><span class='ocrx_word' id='word_1_83' title='bbox 136 550 234 574; x_wconf 83' lang='lat' dir='ltr'>Missale</span> <span class='ocrx_word' id='word_1_84' title='bbox 246 551 333 575; x_wconf 83' lang='lat' dir='ltr'>debile.</span> <span class='ocrx_word' id='word_1_85' title='bbox 369 551 461 574; x_wconf 90' lang='lat' dir='ltr'>Nullus</span> <span class='ocrx_word' id='word_1_86' title='bbox 473 551 536 574; x_wconf 87' lang='lat' dir='ltr'>calix</span> <span class='ocrx_word' id='word_1_87' title='bbox 551 559 556 579; x_wconf 89' lang='lat'>;</span> <span class='ocrx_word' id='word_1_88' title='bbox 575 554 599 574; x_wconf 85' lang='lat' dir='ltr'>et</span> <span class='ocrx_word' id='word_1_89' title='bbox 612 554 693 574; x_wconf 84' lang='lat' dir='ltr'>cetera</span> <span class='ocrx_word' id='word_1_90' title='bbox 702 559 775 574; x_wconf 84' lang='lat' dir='ltr'>omna</span> <span class='ocrx_word' id='word_1_91' title='bbox 787 551 818 574; x_wconf 80' lang='lat' dir='ltr'>ad</span> <span class='ocrx_word' id='word_1_92' title='bbox 828 550 963 574; x_wconf 81' lang='lat' dir='ltr'>Ecclesiam</span> <span class='ocrx_word' id='word_1_93' title='bbox 976 550 1115 581; x_wconf 68' lang='lat' dir='ltr'>speetancia</span> <span class='ocrx_word' id='word_1_94' title='bbox 1127 549 1198 580; x_wconf 84' lang='lat' dir='ltr'>quasi</span> 
     </span>
     <span class='ocr_line' id='line_1_12' title="bbox 136 582 1198 614; baseline -0.002 -7"><span class='ocrx_word' id='word_1_95' title='bbox 136 583 317 607; x_wconf 81' lang='lat' dir='ltr'>insufficiencia.</span> <span class='ocrx_word' id='word_1_96' title='bbox 354 584 498 607; x_wconf 78' lang='lat' dir='ltr'>Cancellum</span> <span class='ocrx_word' id='word_1_97' title='bbox 515 583 652 612; x_wconf 85' lang='lat' dir='ltr'>ruinosum,</span> <span class='ocrx_word' id='word_1_98' title='bbox 671 586 696 607; x_wconf 91' lang='lat' dir='ltr'>et</span> <span class='ocrx_word' id='word_1_99' title='bbox 709 584 779 614; x_wconf 81' lang='lat' dir='ltr'>quasi</span> <span class='ocrx_word' id='word_1_100' title='bbox 797 592 841 614; x_wconf 86' lang='lat' dir='ltr'>pro</span> <span class='ocrx_word' id='word_1_101' title='bbox 853 583 942 614; x_wconf 80' lang='lat' dir='ltr'>majori</span> <span class='ocrx_word' id='word_1_102' title='bbox 959 585 1029 613; x_wconf 71' lang='lat' dir='ltr'>parte</span> <span class='ocrx_word' id='word_1_103' title='bbox 1041 582 1141 611; x_wconf 71' lang='lat' dir='ltr'>corruit,</span> <span class='ocrx_word' id='word_1_104' title='bbox 1162 582 1198 605; x_wconf 82' lang='lat' dir='ltr'>ita</span> 
     </span>
     <span class='ocr_line' id='line_1_13' title="bbox 136 615 1197 647; baseline -0.002 -8"><span class='ocrx_word' id='word_1_105' title='bbox 136 616 203 646; x_wconf 89' lang='lat' dir='ltr'>quod</span> <span class='ocrx_word' id='word_1_106' title='bbox 226 616 252 639; x_wconf 87' lang='lat' dir='ltr'>in</span> <span class='ocrx_word' id='word_1_107' title='bbox 276 615 365 646; x_wconf 81' lang='lat' dir='ltr'>Majori</span> <span class='ocrx_word' id='word_1_108' title='bbox 388 616 468 639; x_wconf 83' lang='lat' dir='ltr'>Altari</span> <span class='ocrx_word' id='word_1_109' title='bbox 491 624 541 639; x_wconf 85' lang='lat' dir='ltr'>non</span> <span class='ocrx_word' id='word_1_110' title='bbox 564 619 670 647; x_wconf 78' lang='lat' dir='ltr'>possunt</span> <span class='ocrx_word' id='word_1_111' title='bbox 693 616 784 640; x_wconf 83' lang='lat' dir='ltr'>Divina</span> <span class='ocrx_word' id='word_1_112' title='bbox 807 616 911 641; x_wconf 78' lang='lat' dir='ltr'>honeste</span> <span class='ocrx_word' id='word_1_113' title='bbox 934 615 1059 639; x_wconf 81' lang='lat' dir='ltr'>celebrari.</span> <span class='ocrx_word' id='word_1_114' title='bbox 1105 615 1197 638; x_wconf 87' lang='lat' dir='ltr'>Nullus</span> 
     </span>
     <span class='ocr_line' id='line_1_14' title="bbox 137 647 1197 679; baseline -0.002 -7"><span class='ocrx_word' id='word_1_115' title='bbox 137 648 303 672; x_wconf 81' lang='lat' dir='ltr'>Parochianus</span> <span class='ocrx_word' id='word_1_116' title='bbox 320 651 382 672; x_wconf 85' lang='lat' dir='ltr'>tunc</span> <span class='ocrx_word' id='word_1_117' title='bbox 400 657 508 679; x_wconf 84' lang='lat' dir='ltr'>presens,</span> <span class='ocrx_word' id='word_1_118' title='bbox 528 657 571 679; x_wconf 90' lang='lat' dir='ltr'>per</span> <span class='ocrx_word' id='word_1_119' title='bbox 588 657 650 679; x_wconf 87' lang='lat' dir='ltr'>quos</span> <span class='ocrx_word' id='word_1_120' title='bbox 668 649 746 679; x_wconf 82' lang='lat' dir='ltr'>possit</span> <span class='ocrx_word' id='word_1_121' title='bbox 763 657 838 679; x_wconf 87' lang='lat' dir='ltr'>super</span> <span class='ocrx_word' id='word_1_122' title='bbox 854 648 942 672; x_wconf 87' lang='lat' dir='ltr'>ceteris</span> <span class='ocrx_word' id='word_1_123' title='bbox 960 647 1079 671; x_wconf 80' lang='lat' dir='ltr'>Articulis</span> <span class='ocrx_word' id='word_1_124' title='bbox 1096 647 1197 677; x_wconf 83' lang='lat' dir='ltr'>inquiri.</span> 
     </span>
     <span class='ocr_line' id='line_1_15' title="bbox 137 679 1198 712; baseline -0.002 -8"><span class='ocrx_word' id='word_1_125' title='bbox 137 681 186 704; x_wconf 88' lang='lat' dir='ltr'>Sed</span> <span class='ocrx_word' id='word_1_126' title='bbox 205 684 297 711; x_wconf 77' lang='lat' dir='ltr'>postea,</span> <span class='ocrx_word' id='word_1_127' title='bbox 319 681 359 704; x_wconf 86' lang='lat' dir='ltr'>die</span> <span class='ocrx_word' id='word_1_128' title='bbox 377 681 467 705; x_wconf 70' lang='lat' dir='ltr'>Sancte</span> <span class='ocrx_word' id='word_1_129' title='bbox 484 682 621 711; x_wconf 81' lang='lat' dir='ltr'>Margarete</span> <span class='ocrx_word' id='word_1_130' title='bbox 639 681 681 711; x_wconf 78' lang='lat'>[20</span> <span class='ocrx_word' id='word_1_131' title='bbox 694 680 775 712; x_wconf 76' lang='lat' dir='ltr'>July],</span> <span class='ocrx_word' id='word_1_132' title='bbox 794 683 987 711; x_wconf 86' lang='lat' dir='ltr'>comparuerunt</span> <span class='ocrx_word' id='word_1_133' title='bbox 1004 683 1113 711; x_wconf 86' lang='lat' dir='ltr'>quatuor</span> <span class='ocrx_word' id='word_1_134' title='bbox 1130 679 1198 710; x_wconf 81' lang='lat' dir='ltr'>apud</span> 
     </span>
     <span class='ocr_line' id='line_1_16' title="bbox 136 712 1199 744; baseline -0.001 -8"><span class='ocrx_word' id='word_1_135' title='bbox 136 714 265 743; x_wconf 82' lang='lat' dir='ltr'>Exoniam,</span> <span class='ocrx_word' id='word_1_136' title='bbox 276 713 391 737; x_wconf 84' lang='lat' dir='ltr'>videlicet</span> <span class='ocrx_word' id='word_1_137' title='bbox 408 732 413 737; x_wconf 94' lang='lat'>.</span> <span class='ocrx_word' id='word_1_138' title='bbox 432 732 437 737; x_wconf 91' lang='lat'>.</span> <span class='ocrx_word' id='word_1_139' title='bbox 457 732 462 737; x_wconf 91' lang='lat'><em>.</em></span> <span class='ocrx_word' id='word_1_140' title='bbox 482 731 487 737; x_wconf 91' lang='lat'>.</span> <span class='ocrx_word' id='word_1_141' title='bbox 508 713 516 727; x_wconf 85' lang='lat'>¹</span> <span class='ocrx_word' id='word_1_142' title='bbox 530 714 579 742; x_wconf 88' lang='lat' dir='ltr'>Qui</span> <span class='ocrx_word' id='word_1_143' title='bbox 591 714 679 737; x_wconf 71' lang='lat' dir='ltr'>dicunt</span> <span class='ocrx_word' id='word_1_144' title='bbox 691 714 759 744; x_wconf 81' lang='lat' dir='ltr'>quod</span> <span class='ocrx_word' id='word_1_145' title='bbox 772 714 892 744; x_wconf 79' lang='lat' dir='ltr'>presbiter</span> <span class='ocrx_word' id='word_1_146' title='bbox 904 722 989 737; x_wconf 84' lang='lat' dir='ltr'>eorum</span> <span class='ocrx_word' id='word_1_147' title='bbox 1000 712 1148 736; x_wconf 80' lang='lat' dir='ltr'>Parochialis</span> <span class='ocrx_word' id='word_1_148' title='bbox 1160 714 1199 735; x_wconf 84' lang='lat' dir='ltr'>est</span> 
     </span>
     <span class='ocr_line' id='line_1_17' title="bbox 136 744 1198 777; baseline -0.002 -8"><span class='ocrx_word' id='word_1_149' title='bbox 136 745 240 769; x_wconf 77' lang='lat' dir='ltr'>honeste</span> <span class='ocrx_word' id='word_1_150' title='bbox 252 746 303 769; x_wconf 80' lang='lat' dir='ltr'>vite</span> <span class='ocrx_word' id='word_1_151' title='bbox 315 749 340 769; x_wconf 89' lang='lat' dir='ltr'>et</span> <span class='ocrx_word' id='word_1_152' title='bbox 352 747 415 770; x_wconf 90' lang='lat' dir='ltr'>bone</span> <span class='ocrx_word' id='word_1_153' title='bbox 427 746 627 774; x_wconf 70' lang='lat' dir='ltr'>conversacionis,</span> <span class='ocrx_word' id='word_1_154' title='bbox 646 749 671 769; x_wconf 81' lang='lat' dir='ltr'>et</span> <span class='ocrx_word' id='word_1_155' title='bbox 683 747 755 770; x_wconf 79' lang='lat' dir='ltr'>stetit</span> <span class='ocrx_word' id='word_1_156' title='bbox 766 747 859 769; x_wconf 88' lang='lat' dir='ltr'>ibidem</span> <span class='ocrx_word' id='word_1_157' title='bbox 872 754 915 776; x_wconf 86' lang='lat' dir='ltr'>per</span> <span class='ocrx_word' id='word_1_158' title='bbox 927 746 978 777; x_wconf 73' lang='lat' dir='ltr'>xxij</span> <span class='ocrx_word' id='word_1_159' title='bbox 992 753 1076 773; x_wconf 83' lang='lat' dir='ltr'>annos,</span> <span class='ocrx_word' id='word_1_160' title='bbox 1089 744 1198 768; x_wconf 87' lang='lat' dir='ltr'>officium</span> 
     </span>
     <span class='ocr_line' id='line_1_18' title="bbox 136 777 1198 809; baseline -0.002 -7"><span class='ocrx_word' id='word_1_161' title='bbox 136 786 211 802; x_wconf 87' lang='lat' dir='ltr'>suum</span> <span class='ocrx_word' id='word_1_162' title='bbox 240 779 390 802; x_wconf 75' lang='lat' dir='ltr'>sacerdotale</span> <span class='ocrx_word' id='word_1_163' title='bbox 418 779 522 802; x_wconf 82' lang='lat' dir='ltr'>honeste</span> <span class='ocrx_word' id='word_1_164' title='bbox 546 779 692 809; x_wconf 77' lang='lat' dir='ltr'>complendo</span> <span class='ocrx_word' id='word_1_165' title='bbox 715 779 741 802; x_wconf 87' lang='lat' dir='ltr'>in</span> <span class='ocrx_word' id='word_1_166' title='bbox 770 779 886 802; x_wconf 85' lang='lat' dir='ltr'>omnibus</span> <span class='ocrx_word' id='word_1_167' title='bbox 914 787 963 809; x_wconf 92' lang='lat' dir='ltr'>que</span> <span class='ocrx_word' id='word_1_168' title='bbox 987 778 1019 801; x_wconf 85' lang='lat' dir='ltr'>ad</span> <span class='ocrx_word' id='word_1_169' title='bbox 1045 777 1198 801; x_wconf 75' lang='lat' dir='ltr'>sacerdotem</span> 
     </span>
     <span class='ocr_line' id='line_1_19' title="bbox 136 810 1198 841; baseline -0.002 -7"><span class='ocrx_word' id='word_1_170' title='bbox 136 811 300 841; x_wconf 73' lang='lat' dir='ltr'>parochialem</span> <span class='ocrx_word' id='word_1_171' title='bbox 318 811 463 841; x_wconf 80' lang='lat' dir='ltr'>pertinent3</span> <span class='ocrx_word' id='word_1_172' title='bbox 481 812 524 834; x_wconf 82' lang='lat' dir='ltr'>sed</span> <span class='ocrx_word' id='word_1_173' title='bbox 542 811 595 841; x_wconf 84' lang='lat' dir='ltr'>jam</span> <span class='ocrx_word' id='word_1_174' title='bbox 614 811 681 835; x_wconf 71' lang='lat' dir='ltr'>senio</span> <span class='ocrx_word' id='word_1_175' title='bbox 698 811 841 835; x_wconf 80' lang='lat' dir='ltr'>confractus</span> <span class='ocrx_word' id='word_1_176' title='bbox 853 811 934 835; x_wconf 78' lang='lat' dir='ltr'>factus</span> <span class='ocrx_word' id='word_1_177' title='bbox 952 814 990 834; x_wconf 83' lang='lat' dir='ltr'>est</span> <span class='ocrx_word' id='word_1_178' title='bbox 1003 810 1154 834; x_wconf 87' lang='lat' dir='ltr'>insufficiens</span> <span class='ocrx_word' id='word_1_179' title='bbox 1166 810 1198 832; x_wconf 87' lang='lat' dir='ltr'>ad</span> 
     </span>
     <span class='ocr_line' id='line_1_20' title="bbox 139 843 1200 874; baseline -0.002 -7"><span class='ocrx_word' id='word_1_180' title='bbox 139 851 224 867; x_wconf 89' lang='lat' dir='ltr'>curam</span> <span class='ocrx_word' id='word_1_181' title='bbox 248 844 556 874; x_wconf 27' lang='lat' dir='ltr'>parochialem-&amp;Dicunt</span> <span class='ocrx_word' id='word_1_182' title='bbox 580 844 664 869; x_wconf 73' lang='lat' dir='ltr'>eciam.</span> <span class='ocrx_word' id='word_1_183' title='bbox 688 845 755 874; x_wconf 78' lang='lat' dir='ltr'>quod</span> <span class='ocrx_word' id='word_1_184' title='bbox 779 847 817 867; x_wconf 87' lang='lat' dir='ltr'>est</span> <span class='ocrx_word' id='word_1_185' title='bbox 839 844 874 867; x_wconf 88' lang='lat' dir='ltr'>ibi</span> <span class='ocrx_word' id='word_1_186' title='bbox 897 844 1004 874; x_wconf 82' lang='lat' dir='ltr'>quedam</span> <span class='ocrx_word' id='word_1_187' title='bbox 1027 843 1113 872; x_wconf 80' lang='lat' dir='ltr'>Alioia,</span> <span class='ocrx_word' id='word_1_188' title='bbox 1137 850 1200 865; x_wconf 89' lang='lat' dir='ltr'>uxor</span> 
     </span>
     <span class='ocr_line' id='line_1_21' title="bbox 138 874 1197 907; baseline -0.002 -8"><span class='ocrx_word' id='word_1_189' title='bbox 138 876 253 907; x_wconf 86' lang='lat' dir='ltr'>Symonis</span> <span class='ocrx_word' id='word_1_190' title='bbox 266 877 353 906; x_wconf 84' lang='lat' dir='ltr'>Lucas,</span> <span class='ocrx_word' id='word_1_191' title='bbox 366 877 497 907; x_wconf 86' lang='lat' dir='ltr'>cujusdam</span> <span class='ocrx_word' id='word_1_192' title='bbox 510 876 595 905; x_wconf 83' lang='lat' dir='ltr'>nativi,</span> <span class='ocrx_word' id='word_1_193' title='bbox 617 877 731 900; x_wconf 80' lang='lat' dir='ltr'>adultera</span> <span class='ocrx_word' id='word_1_194' title='bbox 744 877 849 907; x_wconf 80' lang='lat' dir='ltr'>puplica,</span> <span class='ocrx_word' id='word_1_195' title='bbox 868 885 916 907; x_wconf 88' lang='lat' dir='ltr'>que</span> <span class='ocrx_word' id='word_1_196' title='bbox 928 885 954 899; x_wconf 83' lang='lat' dir='ltr'>se</span> <span class='ocrx_word' id='word_1_197' title='bbox 966 876 1083 899; x_wconf 83' lang='lat' dir='ltr'>omnibus</span> <span class='ocrx_word' id='word_1_198' title='bbox 1094 874 1197 898; x_wconf 84' lang='lat' dir='ltr'>volenti-</span> 
     </span>
     <span class='ocr_line' id='line_1_22' title="bbox 136 907 1199 939; baseline -0.002 -7"><span class='ocrx_word' id='word_1_199' title='bbox 136 909 184 932; x_wconf 90' lang='lat' dir='ltr'>bus</span> <span class='ocrx_word' id='word_1_200' title='bbox 204 909 322 937; x_wconf 77' lang='lat' dir='ltr'>exhibet3</span> <span class='ocrx_word' id='word_1_201' title='bbox 351 909 382 932; x_wconf 79' lang='lat' dir='ltr'>ad</span> <span class='ocrx_word' id='word_1_202' title='bbox 405 917 481 939; x_wconf 86' lang='lat' dir='ltr'>quam</span> <span class='ocrx_word' id='word_1_203' title='bbox 502 909 578 932; x_wconf 82' lang='lat' dir='ltr'>habet</span> <span class='ocrx_word' id='word_1_204' title='bbox 600 917 724 932; x_wconf 60' lang='lat' dir='ltr'>accessum</span> <span class='ocrx_word' id='word_1_205' title='bbox 745 909 912 932; x_wconf 84' lang='lat' dir='ltr'>communiter</span> <span class='ocrx_word' id='word_1_206' title='bbox 932 909 1035 939; x_wconf 82' lang='lat' dir='ltr'>quidam</span> <span class='ocrx_word' id='word_1_207' title='bbox 1055 915 1148 931; x_wconf 81' lang='lat' dir='ltr'>messor</span> <span class='ocrx_word' id='word_1_208' title='bbox 1168 907 1199 930; x_wconf 84' lang='lat' dir='ltr'>de</span> 
     </span>
     <span class='ocr_line' id='line_1_23' title="bbox 137 939 1199 972; baseline -0.002 -8"><span class='ocrx_word' id='word_1_209' title='bbox 137 941 274 971; x_wconf 77' lang='lat' dir='ltr'>Poltymor,</span> <span class='ocrx_word' id='word_1_210' title='bbox 292 944 317 964; x_wconf 85' lang='lat' dir='ltr'>et</span> <span class='ocrx_word' id='word_1_211' title='bbox 334 941 360 964; x_wconf 89' lang='lat' dir='ltr'>iu</span> <span class='ocrx_word' id='word_1_212' title='bbox 378 941 432 972; x_wconf 85' lang='lat' dir='ltr'>ejus</span> <span class='ocrx_word' id='word_1_213' title='bbox 450 942 560 965; x_wconf 81' lang='lat' dir='ltr'>adventu</span> <span class='ocrx_word' id='word_1_214' title='bbox 578 945 615 964; x_wconf 77' lang='lat' dir='ltr'>cst</span> <span class='ocrx_word' id='word_1_215' title='bbox 633 942 667 964; x_wconf 74' lang='lat' dir='ltr'>ihi</span> <span class='ocrx_word' id='word_1_216' title='bbox 685 950 791 972; x_wconf 75' lang='lat' dir='ltr'>magnus</span> <span class='ocrx_word' id='word_1_217' title='bbox 807 942 934 972; x_wconf 75' lang='lat' dir='ltr'>strepitus,</span> <span class='ocrx_word' id='word_1_218' title='bbox 956 941 991 964; x_wconf 80' lang='lat' dir='ltr'>ita</span> <span class='ocrx_word' id='word_1_219' title='bbox 1008 941 1076 971; x_wconf 90' lang='lat' dir='ltr'>quod</span> <span class='ocrx_word' id='word_1_220' title='bbox 1094 939 1199 963; x_wconf 78' lang='lat' dir='ltr'>maritus</span> 
     </span>
     <span class='ocr_line' id='line_1_24' title="bbox 137 973 1200 1004; baseline -0.002 -7"><span class='ocrx_word' id='word_1_221' title='bbox 137 973 199 1004; x_wconf 79' lang='lat' dir='ltr'>ejus,</span> <span class='ocrx_word' id='word_1_222' title='bbox 218 974 309 997; x_wconf 87' lang='lat' dir='ltr'>timens</span> <span class='ocrx_word' id='word_1_223' title='bbox 322 974 377 1003; x_wconf 79' lang='lat' dir='ltr'>sibi,</span> <span class='ocrx_word' id='word_1_224' title='bbox 395 982 444 997; x_wconf 88' lang='lat' dir='ltr'>non</span> <span class='ocrx_word' id='word_1_225' title='bbox 463 974 539 997; x_wconf 83' lang='lat' dir='ltr'>audet</span> <span class='ocrx_word' id='word_1_226' title='bbox 556 974 590 997; x_wconf 91' lang='lat' dir='ltr'>ibi</span> <span class='ocrx_word' id='word_1_227' title='bbox 609 975 704 997; x_wconf 65' lang='lat' dir='ltr'>morari.</span> <span class='ocrx_word' id='word_1_228' title='bbox 741 975 793 997; x_wconf 86' lang='lat' dir='ltr'>Nec</span> <span class='ocrx_word' id='word_1_229' title='bbox 805 974 835 997; x_wconf 89' lang='lat' dir='ltr'>fit</span> <span class='ocrx_word' id='word_1_230' title='bbox 847 974 930 1004; x_wconf 82' lang='lat' dir='ltr'>aliqua</span> <span class='ocrx_word' id='word_1_231' title='bbox 942 973 1060 997; x_wconf 80' lang='lat' dir='ltr'>correccio</span> <span class='ocrx_word' id='word_1_232' title='bbox 1072 973 1103 996; x_wconf 89' lang='lat' dir='ltr'>de</span> <span class='ocrx_word' id='word_1_233' title='bbox 1116 981 1143 995; x_wconf 78' lang='lat' dir='ltr'>ea</span> <span class='ocrx_word' id='word_1_234' title='bbox 1156 980 1200 1002; x_wconf 83' lang='lat' dir='ltr'>per</span> 
     </span>
     <span class='ocr_line' id='line_1_25' title="bbox 137 1005 1199 1037; baseline -0.002 -8"><span class='ocrx_word' id='word_1_235' title='bbox 137 1006 286 1029; x_wconf 65' lang='lat' dir='ltr'>Pin-marium</span> <span class='ocrx_word' id='word_1_236' title='bbox 300 1014 305 1035; x_wconf 88' lang='lat'>;</span> <span class='ocrx_word' id='word_1_237' title='bbox 323 1007 390 1030; x_wconf 86' lang='lat' dir='ltr'>unde</span> <span class='ocrx_word' id='word_1_238' title='bbox 402 1007 494 1030; x_wconf 84' lang='lat' dir='ltr'>timent</span> <span class='ocrx_word' id='word_1_239' title='bbox 511 1007 585 1030; x_wconf 87' lang='lat' dir='ltr'>vicini</span> <span class='ocrx_word' id='word_1_240' title='bbox 603 1015 672 1037; x_wconf 72' lang='lat' dir='ltr'>posse</span> <span class='ocrx_word' id='word_1_241' title='bbox 690 1007 736 1030; x_wconf 79' lang='lat' dir='ltr'>sibi</span> <span class='ocrx_word' id='word_1_242' title='bbox 754 1015 873 1037; x_wconf 82' lang='lat' dir='ltr'>magnum</span> <span class='ocrx_word' id='word_1_243' title='bbox 889 1007 1027 1036; x_wconf 73' lang='lat' dir='ltr'>dampnum</span> <span class='ocrx_word' id='word_1_244' title='bbox 1040 1005 1138 1029; x_wconf 85' lang='lat' dir='ltr'>evenire</span> <span class='ocrx_word' id='word_1_245' title='bbox 1155 1012 1199 1035; x_wconf 86' lang='lat' dir='ltr'>per</span> 
     </span>
     <span class='ocr_line' id='line_1_26' title="bbox 136 1038 1198 1070; baseline -0.002 -8"><span class='ocrx_word' id='word_1_246' title='bbox 136 1038 323 1069; x_wconf 77' lang='lat' dir='ltr'>frequentantes</span> <span class='ocrx_word' id='word_1_247' title='bbox 339 1040 450 1067; x_wconf 81' lang='lat' dir='ltr'>eandem,</span> <span class='ocrx_word' id='word_1_248' title='bbox 467 1042 493 1062; x_wconf 84' lang='lat' dir='ltr'>et</span> <span class='ocrx_word' id='word_1_249' title='bbox 510 1040 652 1069; x_wconf 73' lang='lat' dir='ltr'>supplicant</span> <span class='ocrx_word' id='word_1_250' title='bbox 670 1039 790 1062; x_wconf 85' lang='lat' dir='ltr'>Firmario</span> <span class='ocrx_word' id='word_1_251' title='bbox 806 1039 873 1070; x_wconf 85' lang='lat' dir='ltr'>quod</span> <span class='ocrx_word' id='word_1_252' title='bbox 889 1038 1026 1069; x_wconf 77' lang='lat' dir='ltr'>corrigatur</span> <span class='ocrx_word' id='word_1_253' title='bbox 1043 1038 1082 1061; x_wconf 91' lang='lat' dir='ltr'>vel</span> <span class='ocrx_word' id='word_1_254' title='bbox 1102 1045 1198 1061; x_wconf 81' lang='lat' dir='ltr'>amove-</span> 
     </span>
     <span class='ocr_line' id='line_1_27' title="bbox 137 1071 1200 1101; baseline -0.001 -7"><span class='ocrx_word' id='word_1_255' title='bbox 137 1072 273 1095; x_wconf 86' lang='lat' dir='ltr'>atur.—De</span> <span class='ocrx_word' id='word_1_256' title='bbox 291 1072 429 1095; x_wconf 79' lang='lat' dir='ltr'>defectibus</span> <span class='ocrx_word' id='word_1_257' title='bbox 448 1072 474 1095; x_wconf 91' lang='lat' dir='ltr'>in</span> <span class='ocrx_word' id='word_1_258' title='bbox 492 1072 608 1095; x_wconf 81' lang='lat' dir='ltr'>domibus</span> <span class='ocrx_word' id='word_1_259' title='bbox 621 1072 694 1095; x_wconf 77' lang='lat' dir='ltr'>Curie</span> <span class='ocrx_word' id='word_1_260' title='bbox 712 1072 788 1095; x_wconf 81' lang='lat' dir='ltr'>nichil</span> <span class='ocrx_word' id='word_1_261' title='bbox 805 1072 899 1095; x_wconf 86' lang='lat' dir='ltr'>sciunt:</span> <span class='ocrx_word' id='word_1_262' title='bbox 917 1072 983 1094; x_wconf 81' lang='lat' dir='ltr'>uude</span> <span class='ocrx_word' id='word_1_263' title='bbox 1001 1071 1145 1101; x_wconf 82' lang='lat' dir='ltr'>injunctum</span> <span class='ocrx_word' id='word_1_264' title='bbox 1162 1071 1200 1093; x_wconf 80' lang='lat' dir='ltr'>est</span> 
     </span>
     <span class='ocr_line' id='line_1_28' title="bbox 137 1102 1199 1135; baseline -0.002 -8"><span class='ocrx_word' id='word_1_265' title='bbox 137 1104 172 1127; x_wconf 87' lang='lat' dir='ltr'>eis</span> <span class='ocrx_word' id='word_1_266' title='bbox 192 1106 222 1127; x_wconf 84' lang='lat' dir='ltr'>ut</span> <span class='ocrx_word' id='word_1_267' title='bbox 244 1104 346 1127; x_wconf 81' lang='lat' dir='ltr'>videant</span> <span class='ocrx_word' id='word_1_268' title='bbox 368 1104 481 1127; x_wconf 82' lang='lat' dir='ltr'>defectus</span> <span class='ocrx_word' id='word_1_269' title='bbox 504 1107 529 1127; x_wconf 91' lang='lat' dir='ltr'>et</span> <span class='ocrx_word' id='word_1_270' title='bbox 552 1105 734 1135; x_wconf 79' lang='lat' dir='ltr'>reparacionem</span> <span class='ocrx_word' id='word_1_271' title='bbox 755 1112 841 1127; x_wconf 88' lang='lat' dir='ltr'>eorum</span> <span class='ocrx_word' id='word_1_272' title='bbox 862 1104 986 1133; x_wconf 76' lang='lat' dir='ltr'>estiment,</span> <span class='ocrx_word' id='word_1_273' title='bbox 1008 1106 1034 1126; x_wconf 83' lang='lat' dir='ltr'>et</span> <span class='ocrx_word' id='word_1_274' title='bbox 1056 1111 1131 1134; x_wconf 87' lang='lat' dir='ltr'>super</span> <span class='ocrx_word' id='word_1_275' title='bbox 1153 1102 1199 1125; x_wconf 88' lang='lat' dir='ltr'>hoc</span> 
     </span>
     <span class='ocr_line' id='line_1_29' title="bbox 138 1137 1198 1167; baseline -0.001 -8"><span class='ocrx_word' id='word_1_276' title='bbox 138 1137 288 1160; x_wconf 80' lang='lat' dir='ltr'>Senescallos</span> <span class='ocrx_word' id='word_1_277' title='bbox 298 1137 415 1160; x_wconf 83' lang='lat' dir='ltr'>Scaccarii</span> <span class='ocrx_word' id='word_1_278' title='bbox 425 1137 495 1160; x_wconf 81' lang='lat' dir='ltr'>Beati</span> <span class='ocrx_word' id='word_1_279' title='bbox 504 1137 572 1160; x_wconf 86' lang='lat' dir='ltr'>Petri</span> <span class='ocrx_word' id='word_1_280' title='bbox 582 1137 718 1160; x_wconf 78' lang='lat' dir='ltr'>certificent</span> <span class='ocrx_word' id='word_1_281' title='bbox 728 1145 802 1167; x_wconf 74' lang='lat' dir='ltr'>quam</span> <span class='ocrx_word' id='word_1_282' title='bbox 812 1137 887 1160; x_wconf 78' lang='lat' dir='ltr'>cicius</span> <span class='ocrx_word' id='word_1_283' title='bbox 897 1137 1025 1160; x_wconf 84' lang='lat' dir='ltr'>commode</span> <span class='ocrx_word' id='word_1_284' title='bbox 1038 1137 1198 1166; x_wconf 81' lang='lat' dir='ltr'>poterunt.—</span> 
     </span>
     <span class='ocr_line' id='line_1_30' title="bbox 137 1167 1198 1200; baseline -0.002 -8"><span class='ocrx_word' id='word_1_285' title='bbox 137 1169 239 1198; x_wconf 83' lang='lat' dir='ltr'>Dicunt,</span> <span class='ocrx_word' id='word_1_286' title='bbox 261 1169 345 1198; x_wconf 82' lang='lat' dir='ltr'>eciam,</span> <span class='ocrx_word' id='word_1_287' title='bbox 364 1170 432 1200; x_wconf 88' lang='lat' dir='ltr'>quod</span> <span class='ocrx_word' id='word_1_288' title='bbox 454 1170 576 1192; x_wconf 89' lang='lat' dir='ltr'>Dominus</span> <span class='ocrx_word' id='word_1_289' title='bbox 597 1177 682 1192; x_wconf 84' lang='lat' dir='ltr'>eorum</span> <span class='ocrx_word' id='word_1_290' title='bbox 703 1178 748 1192; x_wconf 83' lang='lat' dir='ltr'>nec</span> <span class='ocrx_word' id='word_1_291' title='bbox 771 1170 826 1199; x_wconf 86' lang='lat' dir='ltr'>ejus</span> <span class='ocrx_word' id='word_1_292' title='bbox 846 1169 929 1192; x_wconf 79' lang='lat' dir='ltr'>ballivi</span> <span class='ocrx_word' id='word_1_293' title='bbox 950 1169 975 1192; x_wconf 86' lang='lat' dir='ltr'>iu</span> <span class='ocrx_word' id='word_1_294' title='bbox 995 1169 1065 1191; x_wconf 87' lang='lat' dir='ltr'>nullo</span> <span class='ocrx_word' id='word_1_295' title='bbox 1083 1170 1144 1191; x_wconf 85' lang='lat' dir='ltr'>sunt</span> <span class='ocrx_word' id='word_1_296' title='bbox 1164 1167 1198 1190; x_wconf 88' lang='lat' dir='ltr'>eis</span> 
     </span>
     <span class='ocr_line' id='line_1_31' title="bbox 137 1200 1199 1232; baseline -0.001 -8"><span class='ocrx_word' id='word_1_297' title='bbox 137 1201 251 1232; x_wconf 85' lang='lat' dir='ltr'>injuriosi</span> <span class='ocrx_word' id='word_1_298' title='bbox 271 1210 317 1225; x_wconf 87' lang='lat' dir='ltr'>nec</span> <span class='ocrx_word' id='word_1_299' title='bbox 334 1202 437 1230; x_wconf 81' lang='lat' dir='ltr'>onerosi,</span> <span class='ocrx_word' id='word_1_300' title='bbox 457 1204 616 1232; x_wconf 82' lang='lat' dir='ltr'>preterquam</span> <span class='ocrx_word' id='word_1_301' title='bbox 636 1202 661 1225; x_wconf 88' lang='lat' dir='ltr'>in</span> <span class='ocrx_word' id='word_1_302' title='bbox 682 1202 822 1225; x_wconf 82' lang='lat' dir='ltr'>omittendo</span> <span class='ocrx_word' id='word_1_303' title='bbox 843 1202 931 1231; x_wconf 80' lang='lat' dir='ltr'>punire</span> <span class='ocrx_word' id='word_1_304' title='bbox 954 1201 1091 1232; x_wconf 84' lang='lat' dir='ltr'>predictam</span> <span class='ocrx_word' id='word_1_305' title='bbox 1114 1200 1199 1223; x_wconf 82' lang='lat' dir='ltr'>adult-</span> 
     </span>
     <span class='ocr_line' id='line_1_32' title="bbox 137 1234 883 1265; baseline 0 -8"><span class='ocrx_word' id='word_1_306' title='bbox 137 1234 373 1258; x_wconf 64' lang='lat' dir='ltr'>erani.&#39;‘—Archiz⁷es</span> <span class='ocrx_word' id='word_1_307' title='bbox 384 1234 414 1264; x_wconf 86' lang='lat' dir='ltr'>of</span> <span class='ocrx_word' id='word_1_308' title='bbox 426 1235 464 1258; x_wconf 70' lang='lat' dir='ltr'>tlze</span> <span class='ocrx_word' id='word_1_309' title='bbox 476 1235 509 1258; x_wconf 88' lang='lat' dir='ltr'>D.</span> <span class='ocrx_word' id='word_1_310' title='bbox 523 1236 544 1257; x_wconf 59' lang='lat' dir='ltr'>[L-</span> <span class='ocrx_word' id='word_1_311' title='bbox 558 1234 593 1264; x_wconf 83' lang='lat'>0.‚</span> <span class='ocrx_word' id='word_1_312' title='bbox 606 1234 651 1258; x_wconf 81' lang='lat' dir='ltr'>No.</span> <span class='ocrx_word' id='word_1_313' title='bbox 667 1234 749 1264; x_wconf 40' lang='lat'>367&amp;</span> <span class='ocrx_word' id='word_1_314' title='bbox 761 1242 821 1265; x_wconf 77' lang='lat' dir='ltr'>page</span> <span class='ocrx_word' id='word_1_315' title='bbox 835 1234 883 1264; x_wconf 80' lang='grc'><strong>37].</strong></span> 
     </span>
    </p>

    <p class='ocr_par' dir='ltr' id='par_1_5' title="bbox 42 1274 1198 1349">
     <span class='ocr_line' id='line_1_33' title="bbox 42 1274 894 1317; baseline -0.001 -11"><span class='ocrx_word' id='word_1_316' title='bbox 42 1274 255 1317; x_wconf 84' lang='lat' dir='ltr'>Clysthidon;</span> <span class='ocrx_word' id='word_1_317' title='bbox 278 1275 367 1306; x_wconf 86' lang='lat' dir='ltr'>John</span> <span class='ocrx_word' id='word_1_318' title='bbox 383 1275 422 1306; x_wconf 84' lang='lat' dir='ltr'>de</span> <span class='ocrx_word' id='word_1_319' title='bbox 439 1275 682 1317; x_wconf 76' lang='lat' dir='ltr'>Fordyngtone,</span> <span class='ocrx_word' id='word_1_320' title='bbox 697 1275 796 1310; x_wconf 82' lang='lat' dir='ltr'>clerk,</span> <span class='ocrx_word' id='word_1_321' title='bbox 814 1275 894 1306; x_wconf 78' lang='lat' dir='ltr'>R.—</span> 
     </span>
     <span class='ocr_line' id='line_1_34' title="bbox 107 1317 1198 1349; baseline -0.002 -7"><span class='ocrx_word' id='word_1_322' title='bbox 107 1319 292 1349; x_wconf 77' lang='lat' dir='ltr'>Dispensation:</span> <span class='ocrx_word' id='word_1_323' title='bbox 318 1319 504 1342; x_wconf 79' lang='lat' dir='ltr'>nou-residence</span> <span class='ocrx_word' id='word_1_324' title='bbox 526 1319 564 1342; x_wconf 83' lang='lat' dir='ltr'>till</span> <span class='ocrx_word' id='word_1_325' title='bbox 583 1319 748 1347; x_wconf 77' lang='lat' dir='ltr'>Michaehnas,</span> <span class='ocrx_word' id='word_1_326' title='bbox 771 1319 841 1348; x_wconf 79' lang='lat'>]:3-20‚</span> <span class='ocrx_word' id='word_1_327' title='bbox 862 1321 888 1342; x_wconf 83' lang='lat' dir='ltr'>to</span> <span class='ocrx_word' id='word_1_328' title='bbox 906 1318 990 1349; x_wconf 86' lang='lat' dir='ltr'>study,</span> <span class='ocrx_word' id='word_1_329' title='bbox 1011 1320 1056 1342; x_wconf 91' lang='lat' dir='ltr'>etc.</span> <span class='ocrx_word' id='word_1_330' title='bbox 1077 1317 1118 1347; x_wconf 87' lang='lat'>(10</span> <span class='ocrx_word' id='word_1_331' title='bbox 1134 1317 1198 1346; x_wconf 81' lang='lat' dir='ltr'>Jan.‚</span> 
     </span>
    </p>
   </div>
   <div class='ocr_carea' id='block_1_4' title="bbox 140 1348 1198 1415">
    <p class='ocr_par' dir='ltr' id='par_1_6' title="bbox 140 1348 1198 1415">
     <span class='ocr_line' id='line_1_35' title="bbox 140 1348 1198 1380; baseline -0.001 -6"><span class='ocrx_word' id='word_1_332' title='bbox 140 1351 264 1380; x_wconf 80' lang='lat'>1319-20),</span> <span class='ocrx_word' id='word_1_333' title='bbox 272 1351 333 1374; x_wconf 90' lang='lat' dir='ltr'>—he</span> <span class='ocrx_word' id='word_1_334' title='bbox 356 1359 406 1374; x_wconf 74' lang='lat' dir='ltr'>was</span> <span class='ocrx_word' id='word_1_335' title='bbox 429 1354 455 1374; x_wconf 86' lang='lat' dir='ltr'>to</span> <span class='ocrx_word' id='word_1_336' title='bbox 480 1351 537 1375; x_wconf 85' lang='lat' dir='ltr'>take</span> <span class='ocrx_word' id='word_1_337' title='bbox 561 1351 724 1374; x_wconf 74' lang='lat' dir='ltr'>subdeacon&#39;s</span> <span class='ocrx_word' id='word_1_338' title='bbox 743 1352 833 1375; x_wconf 80' lang='lat' dir='ltr'>Orders</span> <span class='ocrx_word' id='word_1_339' title='bbox 852 1351 939 1374; x_wconf 86' lang='lat' dir='ltr'>within</span> <span class='ocrx_word' id='word_1_340' title='bbox 963 1351 1006 1374; x_wconf 84' lang='lat' dir='ltr'>the</span> <span class='ocrx_word' id='word_1_341' title='bbox 1029 1351 1106 1378; x_wconf 72' lang='lat' dir='ltr'>time3</span> <span class='ocrx_word' id='word_1_342' title='bbox 1127 1348 1198 1374; x_wconf 73' lang='lat' dir='ltr'>145b:</span> 
     </span>
     <span class='ocr_line' id='line_1_36' title="bbox 142 1382 1100 1415; baseline -0.001 -8"><span class='ocrx_word' id='word_1_343' title='bbox 142 1384 237 1414; x_wconf 87' lang='lat' dir='ltr'>(priest)</span> <span class='ocrx_word' id='word_1_344' title='bbox 250 1384 362 1407; x_wconf 86' lang='lat' dir='ltr'>renewed</span> <span class='ocrx_word' id='word_1_345' title='bbox 375 1384 413 1407; x_wconf 81' lang='lat' dir='ltr'>for</span> <span class='ocrx_word' id='word_1_346' title='bbox 425 1392 439 1407; x_wconf 87' lang='lat' dir='ltr'>a</span> <span class='ocrx_word' id='word_1_347' title='bbox 450 1392 515 1415; x_wconf 83' lang='lat' dir='ltr'>year,</span> <span class='ocrx_word' id='word_1_348' title='bbox 528 1384 593 1407; x_wconf 80' lang='lat' dir='ltr'>from</span> <span class='ocrx_word' id='word_1_349' title='bbox 606 1384 764 1407; x_wconf 83' lang='lat' dir='ltr'>Michaelmas</span> <span class='ocrx_word' id='word_1_350' title='bbox 777 1384 817 1413; x_wconf 79' lang='lat'>(20</span> <span class='ocrx_word' id='word_1_351' title='bbox 830 1384 908 1414; x_wconf 78' lang='lat' dir='ltr'>Sept.²</span> <span class='ocrx_word' id='word_1_352' title='bbox 922 1384 994 1412; x_wconf 82' lang='lat'>1320)</span> <span class='ocrx_word' id='word_1_353' title='bbox 1008 1391 1014 1412; x_wconf 84' lang='lat'>;</span> <span class='ocrx_word' id='word_1_354' title='bbox 1033 1382 1100 1407; x_wconf 71' lang='lat'>15212.</span> 
     </span>
    </p>
   </div>
   <div class='ocr_carea' id='block_1_5' title="bbox 44 1424 1147 1518">
    <p class='ocr_par' dir='ltr' id='par_1_7' title="bbox 44 1424 1147 1518">
     <span class='ocr_line' id='line_1_37' title="bbox 44 1424 1147 1466; baseline 0 -11"><span class='ocrx_word' id='word_1_355' title='bbox 44 1424 202 1466; x_wconf 86' lang='lat' dir='ltr'>Clyst-St.</span> <span class='ocrx_word' id='word_1_356' title='bbox 220 1424 362 1462; x_wconf 69' lang='lat' dir='ltr'>Gabriel,</span> <span class='ocrx_word' id='word_1_357' title='bbox 378 1425 434 1456; x_wconf 85' lang='lat' dir='ltr'>the</span> <span class='ocrx_word' id='word_1_358' title='bbox 452 1424 576 1466; x_wconf 80' lang='lat' dir='ltr'>Chapel</span> <span class='ocrx_word' id='word_1_359' title='bbox 592 1424 635 1462; x_wconf 83' lang='lat' dir='ltr'>of,</span> <span class='ocrx_word' id='word_1_360' title='bbox 651 1436 698 1456; x_wconf 76' lang='lat' dir='ltr'>see</span> <span class='ocrx_word' id='word_1_361' title='bbox 714 1425 902 1466; x_wconf 82' lang='lat' dir='ltr'>Faringdon</span> <span class='ocrx_word' id='word_1_362' title='bbox 919 1424 956 1464; x_wconf 92' lang='lat' dir='ltr'>(I</span> <span class='ocrx_word' id='word_1_363' title='bbox 955 1425 1029 1465; x_wconf 75' lang='lat' dir='ltr'>nst.)</span> <span class='ocrx_word' id='word_1_364' title='bbox 1045 1436 1051 1463; x_wconf 87' lang='grc'>;</span> <span class='ocrx_word' id='word_1_365' title='bbox 1076 1425 1147 1455; x_wconf 87' lang='grc'>131.</span> 
     </span>
     <span class='ocr_line' id='line_1_38' title="bbox 46 1476 1091 1518; baseline -0.002 -10"><span class='ocrx_word' id='word_1_366' title='bbox 46 1476 202 1518; x_wconf 83' lang='lat' dir='ltr'>Clyst-St.</span> <span class='ocrx_word' id='word_1_367' title='bbox 220 1476 345 1518; x_wconf 77' lang='lat' dir='ltr'>Georgo</span> <span class='ocrx_word' id='word_1_368' title='bbox 362 1476 555 1517; x_wconf 83' lang='lat' dir='ltr'>[Clistwike,</span> <span class='ocrx_word' id='word_1_369' title='bbox 573 1476 667 1518; x_wconf 66' lang='lat' dir='ltr'>MS]</span> <span class='ocrx_word' id='word_1_370' title='bbox 683 1476 792 1517; x_wconf 86' lang='lat' dir='ltr'>Philip</span> <span class='ocrx_word' id='word_1_371' title='bbox 809 1476 848 1507; x_wconf 83' lang='lat' dir='ltr'>de</span> <span class='ocrx_word' id='word_1_372' title='bbox 866 1476 984 1514; x_wconf 82' lang='lat' dir='ltr'>Cestre,</span> <span class='ocrx_word' id='word_1_373' title='bbox 1000 1476 1091 1512; x_wconf 76' lang='lat' dir='ltr'>R,—</span> 
     </span>
    </p>
   </div>
   <div class='ocr_carea' id='block_1_6' title="bbox 110 1519 1199 1617">
    <p class='ocr_par' dir='ltr' id='par_1_8' title="bbox 110 1519 1199 1617">
     <span class='ocr_line' id='line_1_39' title="bbox 110 1519 1198 1550; baseline -0.001 -7"><span class='ocrx_word' id='word_1_374' title='bbox 110 1520 294 1550; x_wconf 82' lang='lat' dir='ltr'>Dispensation:</span> <span class='ocrx_word' id='word_1_375' title='bbox 312 1520 500 1543; x_wconf 81' lang='lat' dir='ltr'>non-residence</span> <span class='ocrx_word' id='word_1_376' title='bbox 520 1520 559 1543; x_wconf 84' lang='lat' dir='ltr'>till</span> <span class='ocrx_word' id='word_1_377' title='bbox 581 1520 747 1549; x_wconf 78' lang='lat' dir='ltr'>Michaehnas,</span> <span class='ocrx_word' id='word_1_378' title='bbox 768 1521 838 1548; x_wconf 67' lang='lat'>1:323,</span> <span class='ocrx_word' id='word_1_379' title='bbox 860 1522 885 1543; x_wconf 88' lang='lat' dir='ltr'>to</span> <span class='ocrx_word' id='word_1_380' title='bbox 907 1520 991 1549; x_wconf 74' lang='lat' dir='ltr'>study,</span> <span class='ocrx_word' id='word_1_381' title='bbox 1013 1522 1058 1543; x_wconf 77' lang='lat' dir='ltr'>etc.</span> <span class='ocrx_word' id='word_1_382' title='bbox 1079 1520 1104 1549; x_wconf 87' lang='lat'>(5</span> <span class='ocrx_word' id='word_1_383' title='bbox 1122 1519 1198 1549; x_wconf 64' lang='lat' dir='ltr'>Sept,</span> 
     </span>
     <span class='ocr_line' id='line_1_40' title="bbox 141 1551 1199 1582; baseline -0.002 -6"><span class='ocrx_word' id='word_1_384' title='bbox 141 1553 286 1582; x_wconf 77' lang='lat' dir='ltr'>1322)‚—he</span> <span class='ocrx_word' id='word_1_385' title='bbox 298 1560 347 1576; x_wconf 82' lang='lat' dir='ltr'>was</span> <span class='ocrx_word' id='word_1_386' title='bbox 359 1555 386 1576; x_wconf 88' lang='lat' dir='ltr'>to</span> <span class='ocrx_word' id='word_1_387' title='bbox 397 1553 455 1576; x_wconf 82' lang='lat' dir='ltr'>take</span> <span class='ocrx_word' id='word_1_388' title='bbox 464 1553 625 1576; x_wconf 70' lang='lat' dir='ltr'>subdeacon&#39;s</span> <span class='ocrx_word' id='word_1_389' title='bbox 634 1553 724 1576; x_wconf 67' lang='lat' dir='ltr'>orders</span> <span class='ocrx_word' id='word_1_390' title='bbox 732 1553 757 1576; x_wconf 90' lang='lat' dir='ltr'>iu</span> <span class='ocrx_word' id='word_1_391' title='bbox 770 1553 813 1576; x_wconf 87' lang='lat' dir='ltr'>the</span> <span class='ocrx_word' id='word_1_392' title='bbox 823 1552 940 1579; x_wconf 64' lang='lat' dir='ltr'>iutervah</span> <span class='ocrx_word' id='word_1_393' title='bbox 956 1551 1026 1576; x_wconf 67' lang='lat' dir='ltr'>wsb:</span> <span class='ocrx_word' id='word_1_394' title='bbox 1038 1551 1199 1582; x_wconf 78' lang='lat' dir='ltr'>(subdeacon)</span> 
     </span>
     <span class='ocr_line' id='line_1_41' title="bbox 140 1586 697 1617; baseline -0.002 -8"><span class='ocrx_word' id='word_1_395' title='bbox 140 1586 252 1609; x_wconf 85' lang='lat' dir='ltr'>renewed</span> <span class='ocrx_word' id='word_1_396' title='bbox 264 1586 303 1609; x_wconf 84' lang='lat' dir='ltr'>for</span> <span class='ocrx_word' id='word_1_397' title='bbox 314 1594 328 1608; x_wconf 92' lang='lat' dir='ltr'>a</span> <span class='ocrx_word' id='word_1_398' title='bbox 339 1593 397 1617; x_wconf 81' lang='lat' dir='ltr'>year</span> <span class='ocrx_word' id='word_1_399' title='bbox 411 1586 433 1614; x_wconf 89' lang='lat'>(7</span> <span class='ocrx_word' id='word_1_400' title='bbox 447 1586 519 1616; x_wconf 65' lang='lat' dir='ltr'>Aug,</span> <span class='ocrx_word' id='word_1_401' title='bbox 534 1587 605 1614; x_wconf 77' lang='lat'>1323)</span> <span class='ocrx_word' id='word_1_402' title='bbox 620 1594 625 1613; x_wconf 82' lang='lat'><em>3</em></span> <span class='ocrx_word' id='word_1_403' title='bbox 645 1586 697 1609; x_wconf 79' lang='lat'>176.</span> 
     </span>
    </p>
   </div>
   <div class='ocr_carea' id='block_1_7' title="bbox 45 1625 775 1668">
    <p class='ocr_par' dir='ltr' id='par_1_9' title="bbox 45 1625 775 1668">
     <span class='ocr_line' id='line_1_42' title="bbox 45 1625 775 1668; baseline -0.001 -11"><span class='ocrx_word' id='word_1_404' title='bbox 45 1625 200 1668; x_wconf 86' lang='lat' dir='ltr'>Clyst-St.</span> <span class='ocrx_word' id='word_1_405' title='bbox 217 1627 399 1663; x_wconf 80' lang='lat' dir='ltr'>Lawrence,</span> <span class='ocrx_word' id='word_1_406' title='bbox 415 1626 505 1658; x_wconf 80' lang='lat' dir='ltr'>John</span> <span class='ocrx_word' id='word_1_407' title='bbox 520 1627 669 1663; x_wconf 69' lang='lat' dir='ltr'>vautort,</span> <span class='ocrx_word' id='word_1_408' title='bbox 686 1626 775 1662; x_wconf 64' lang='lat' dir='ltr'>R„—</span> 
     </span>
    </p>
   </div>
   <div class='ocr_carea' id='block_1_8' title="bbox 108 1676 1201 1742">
    <p class='ocr_par' dir='ltr' id='par_1_10' title="bbox 108 1676 1201 1742">
     <span class='ocr_line' id='line_1_43' title="bbox 108 1676 1201 1709; baseline -0.002 -7"><span class='ocrx_word' id='word_1_409' title='bbox 108 1678 297 1709; x_wconf 80' lang='lat' dir='ltr'>Dispensation:</span> <span class='ocrx_word' id='word_1_410' title='bbox 315 1679 417 1702; x_wconf 87' lang='lat' dir='ltr'>Licence</span> <span class='ocrx_word' id='word_1_411' title='bbox 429 1679 455 1702; x_wconf 82' lang='lat' dir='ltr'>of</span> <span class='ocrx_word' id='word_1_412' title='bbox 472 1679 658 1702; x_wconf 85' lang='lat' dir='ltr'>nou-residence</span> <span class='ocrx_word' id='word_1_413' title='bbox 671 1678 710 1702; x_wconf 89' lang='lat' dir='ltr'>till</span> <span class='ocrx_word' id='word_1_414' title='bbox 723 1677 889 1708; x_wconf 81' lang='lat' dir='ltr'>Michaelmas,</span> <span class='ocrx_word' id='word_1_415' title='bbox 909 1678 959 1701; x_wconf 81' lang='lat' dir='ltr'>and</span> <span class='ocrx_word' id='word_1_416' title='bbox 976 1678 1015 1701; x_wconf 78' lang='lat' dir='ltr'>for</span> <span class='ocrx_word' id='word_1_417' title='bbox 1030 1685 1044 1701; x_wconf 86' lang='lat' dir='ltr'>a</span> <span class='ocrx_word' id='word_1_418' title='bbox 1054 1685 1113 1709; x_wconf 76' lang='lat' dir='ltr'>year</span> <span class='ocrx_word' id='word_1_419' title='bbox 1128 1676 1201 1707; x_wconf 84' lang='lat' dir='ltr'>after,</span> 
     </span>
     <span class='ocr_line' id='line_1_44' title="bbox 141 1710 625 1742; baseline 0.002 -8"><span class='ocrx_word' id='word_1_420' title='bbox 141 1714 168 1734; x_wconf 88' lang='lat' dir='ltr'>to</span> <span class='ocrx_word' id='word_1_421' title='bbox 179 1712 263 1742; x_wconf 84' lang='lat' dir='ltr'>study,</span> <span class='ocrx_word' id='word_1_422' title='bbox 276 1714 321 1735; x_wconf 85' lang='lat' dir='ltr'>ete.</span> <span class='ocrx_word' id='word_1_423' title='bbox 337 1712 360 1740; x_wconf 87' lang='lat'>(9</span> <span class='ocrx_word' id='word_1_424' title='bbox 370 1711 448 1742; x_wconf 79' lang='lat' dir='ltr'>April,</span> <span class='ocrx_word' id='word_1_425' title='bbox 464 1712 536 1740; x_wconf 74' lang='lat'>1314)</span> <span class='ocrx_word' id='word_1_426' title='bbox 551 1719 555 1738; x_wconf 84' lang='lat'><em>;</em></span> <span class='ocrx_word' id='word_1_427' title='bbox 575 1710 625 1735; x_wconf 69' lang='lat'>83¹³.</span> 
     </span>
    </p>
   </div>
   <div class='ocr_carea' id='block_1_9' title="bbox 62 1750 1202 1761">
    <p class='ocr_par' dir='ltr' id='par_1_11' title="bbox 62 1750 1202 1761">
     <span class='ocr_line' id='line_1_45' title="bbox 62 1750 1202 1761; baseline 0 0"><span class='ocrx_word' id='word_1_428' title='bbox 62 1750 1202 1761; x_wconf 95' lang='lat' dir='ltr'> </span> 
     </span>
    </p>
   </div>
   <div class='ocr_carea' id='block_1_10' title="bbox 47 1772 597 2163">
    <p class='ocr_par' dir='ltr' id='par_1_12' title="bbox 48 1772 595 1830">
     <span class='ocr_line' id='line_1_46' title="bbox 48 1772 595 1805; baseline 0.002 -8"><span class='ocrx_word' id='word_1_429' title='bbox 48 1772 56 1788; x_wconf 79' lang='lat'>¹</span> <span class='ocrx_word' id='word_1_430' title='bbox 74 1774 97 1798; x_wconf 83' lang='lat' dir='ltr'>A</span> <span class='ocrx_word' id='word_1_431' title='bbox 108 1774 183 1798; x_wconf 82' lang='lat' dir='ltr'>blank</span> <span class='ocrx_word' id='word_1_432' title='bbox 195 1782 265 1805; x_wconf 83' lang='lat' dir='ltr'>space</span> <span class='ocrx_word' id='word_1_433' title='bbox 278 1782 327 1798; x_wconf 84' lang='lat' dir='ltr'>was</span> <span class='ocrx_word' id='word_1_434' title='bbox 338 1774 386 1798; x_wconf 79' lang='lat' dir='ltr'>left</span> <span class='ocrx_word' id='word_1_435' title='bbox 397 1774 436 1797; x_wconf 82' lang='lat' dir='ltr'>for</span> <span class='ocrx_word' id='word_1_436' title='bbox 447 1774 490 1798; x_wconf 87' lang='lat' dir='ltr'>the</span> <span class='ocrx_word' id='word_1_437' title='bbox 503 1782 595 1803; x_wconf 83' lang='lat' dir='ltr'>names,</span> 
     </span>
     <span class='ocr_line' id='line_1_47' title="bbox 79 1807 336 1830; baseline 0 0"><span class='ocrx_word' id='word_1_438' title='bbox 79 1807 126 1830; x_wconf 85' lang='lat' dir='ltr'>but</span> <span class='ocrx_word' id='word_1_439' title='bbox 137 1815 211 1830; x_wconf 80' lang='lat' dir='ltr'>never</span> <span class='ocrx_word' id='word_1_440' title='bbox 223 1807 290 1830; x_wconf 87' lang='lat' dir='ltr'>filled</span> <span class='ocrx_word' id='word_1_441' title='bbox 304 1807 336 1830; x_wconf 89' lang='lat' dir='ltr'>in.</span> 
     </span>
    </p>

    <p class='ocr_par' dir='ltr' id='par_1_13' title="bbox 47 1837 597 2163">
     <span class='ocr_line' id='line_1_48' title="bbox 47 1837 596 1871; baseline 0.002 -9"><span class='ocrx_word' id='word_1_442' title='bbox 47 1837 57 1852; x_wconf 77' lang='lat'>²</span> <span class='ocrx_word' id='word_1_443' title='bbox 73 1839 125 1862; x_wconf 86' lang='lat' dir='ltr'>The</span> <span class='ocrx_word' id='word_1_444' title='bbox 136 1842 250 1863; x_wconf 82' lang='lat' dir='ltr'>contents</span> <span class='ocrx_word' id='word_1_445' title='bbox 262 1840 288 1862; x_wconf 80' lang='lat' dir='ltr'>of</span> <span class='ocrx_word' id='word_1_446' title='bbox 300 1839 350 1863; x_wconf 85' lang='lat' dir='ltr'>this</span> <span class='ocrx_word' id='word_1_447' title='bbox 367 1847 426 1871; x_wconf 82' lang='lat' dir='ltr'>very</span> <span class='ocrx_word' id='word_1_448' title='bbox 439 1839 538 1863; x_wconf 75' lang='lat' dir='ltr'>curicus</span> <span class='ocrx_word' id='word_1_449' title='bbox 555 1839 596 1863; x_wconf 88' lang='lat' dir='ltr'>old</span> 
     </span>
     <span class='ocr_line' id='line_1_49' title="bbox 79 1872 596 1901; baseline 0 -6"><span class='ocrx_word' id='word_1_450' title='bbox 79 1872 146 1895; x_wconf 87' lang='lat' dir='ltr'>Book</span> <span class='ocrx_word' id='word_1_451' title='bbox 158 1880 198 1895; x_wconf 79' lang='lat' dir='ltr'>are</span> <span class='ocrx_word' id='word_1_452' title='bbox 210 1872 236 1895; x_wconf 75' lang='lat' dir='ltr'>of</span> <span class='ocrx_word' id='word_1_453' title='bbox 246 1872 322 1895; x_wconf 88' lang='lat' dir='ltr'>much</span> <span class='ocrx_word' id='word_1_454' title='bbox 334 1872 438 1895; x_wconf 85' lang='lat' dir='ltr'>interest</span> <span class='ocrx_word' id='word_1_455' title='bbox 447 1873 496 1895; x_wconf 83' lang='lat' dir='ltr'>and</span> <span class='ocrx_word' id='word_1_456' title='bbox 506 1873 577 1895; x_wconf 79' lang='lat' dir='ltr'>value</span> <span class='ocrx_word' id='word_1_457' title='bbox 590 1880 596 1901; x_wconf 86' lang='grc'>;</span> 
     </span>
     <span class='ocr_line' id='line_1_50' title="bbox 79 1904 595 1935; baseline 0.002 -8"><span class='ocrx_word' id='word_1_458' title='bbox 79 1904 208 1935; x_wconf 80' lang='lat' dir='ltr'>especially</span> <span class='ocrx_word' id='word_1_459' title='bbox 225 1904 268 1928; x_wconf 78' lang='lat' dir='ltr'>the</span> <span class='ocrx_word' id='word_1_460' title='bbox 286 1905 391 1935; x_wconf 84' lang='lat' dir='ltr'>Reports</span> <span class='ocrx_word' id='word_1_461' title='bbox 408 1905 434 1928; x_wconf 78' lang='lat' dir='ltr'>of</span> <span class='ocrx_word' id='word_1_462' title='bbox 450 1905 494 1928; x_wconf 80' lang='lat' dir='ltr'>the</span> <span class='ocrx_word' id='word_1_463' title='bbox 506 1905 595 1928; x_wconf 69' lang='lat' dir='ltr'>visita.-</span> 
     </span>
     <span class='ocr_line' id='line_1_51' title="bbox 80 1936 596 1966; baseline 0.002 -7"><span class='ocrx_word' id='word_1_464' title='bbox 80 1936 145 1960; x_wconf 84' lang='lat' dir='ltr'>tions</span> <span class='ocrx_word' id='word_1_465' title='bbox 157 1937 182 1960; x_wconf 75' lang='lat' dir='ltr'>of</span> <span class='ocrx_word' id='word_1_466' title='bbox 193 1937 237 1960; x_wconf 80' lang='lat' dir='ltr'>the</span> <span class='ocrx_word' id='word_1_467' title='bbox 249 1937 355 1966; x_wconf 84' lang='lat' dir='ltr'>Mauors,</span> <span class='ocrx_word' id='word_1_468' title='bbox 368 1939 414 1960; x_wconf 90' lang='lat' dir='ltr'>etc.</span> <span class='ocrx_word' id='word_1_469' title='bbox 428 1937 454 1960; x_wconf 83' lang='lat' dir='ltr'>of</span> <span class='ocrx_word' id='word_1_470' title='bbox 470 1937 513 1960; x_wconf 84' lang='lat' dir='ltr'>the</span> <span class='ocrx_word' id='word_1_471' title='bbox 526 1938 596 1960; x_wconf 81' lang='lat' dir='ltr'>Dean</span> 
     </span>
     <span class='ocr_line' id='line_1_52' title="bbox 79 1969 596 2000; baseline 0.002 -8"><span class='ocrx_word' id='word_1_472' title='bbox 79 1969 128 1992; x_wconf 75' lang='lat' dir='ltr'>and</span> <span class='ocrx_word' id='word_1_473' title='bbox 140 1969 254 2000; x_wconf 84' lang='lat' dir='ltr'>Chapter,</span> <span class='ocrx_word' id='word_1_474' title='bbox 273 1970 364 2000; x_wconf 82' lang='lat' dir='ltr'>during</span> <span class='ocrx_word' id='word_1_475' title='bbox 375 1969 467 2000; x_wconf 80' lang='lat' dir='ltr'>Bishop</span> <span class='ocrx_word' id='word_1_476' title='bbox 480 1970 596 2000; x_wconf 79' lang='lat' dir='ltr'>Bytton’s</span> 
     </span>
     <span class='ocr_line' id='line_1_53' title="bbox 79 2001 596 2033; baseline 0.002 -9"><span class='ocrx_word' id='word_1_477' title='bbox 79 2001 231 2032; x_wconf 76' lang='lat' dir='ltr'>Episcopate.</span> <span class='ocrx_word' id='word_1_478' title='bbox 276 2002 355 2025; x_wconf 89' lang='lat' dir='ltr'>These</span> <span class='ocrx_word' id='word_1_479' title='bbox 373 2010 430 2033; x_wconf 86' lang='lat' dir='ltr'>may</span> <span class='ocrx_word' id='word_1_480' title='bbox 452 2002 506 2025; x_wconf 82' lang='lat' dir='ltr'>well</span> <span class='ocrx_word' id='word_1_481' title='bbox 524 2002 596 2025; x_wconf 83' lang='lat' dir='ltr'>claim</span> 
     </span>
     <span class='ocr_line' id='line_1_54' title="bbox 78 2034 597 2065; baseline 0.004 -9"><span class='ocrx_word' id='word_1_482' title='bbox 78 2041 93 2056; x_wconf 78' lang='lat' dir='ltr'>a</span> <span class='ocrx_word' id='word_1_483' title='bbox 111 2034 179 2064; x_wconf 85' lang='lat' dir='ltr'>place</span> <span class='ocrx_word' id='word_1_484' title='bbox 194 2034 219 2057; x_wconf 91' lang='lat' dir='ltr'>in</span> <span class='ocrx_word' id='word_1_485' title='bbox 242 2034 286 2058; x_wconf 87' lang='lat' dir='ltr'>the</span> <span class='ocrx_word' id='word_1_486' title='bbox 302 2037 402 2065; x_wconf 81' lang='lat' dir='ltr'>present</span> <span class='ocrx_word' id='word_1_487' title='bbox 425 2035 537 2063; x_wconf 85' lang='lat' dir='ltr'>Volume,</span> <span class='ocrx_word' id='word_1_488' title='bbox 558 2035 597 2058; x_wconf 81' lang='lat' dir='ltr'>for</span> 
     </span>
     <span class='ocr_line' id='line_1_55' title="bbox 77 2065 597 2098; baseline 0 -8"><span class='ocrx_word' id='word_1_489' title='bbox 77 2065 139 2096; x_wconf 83' lang='lat' dir='ltr'>they</span> <span class='ocrx_word' id='word_1_490' title='bbox 149 2066 230 2090; x_wconf 79' lang='lat' dir='ltr'>throw</span> <span class='ocrx_word' id='word_1_491' title='bbox 246 2067 322 2090; x_wconf 87' lang='lat' dir='ltr'>much</span> <span class='ocrx_word' id='word_1_492' title='bbox 338 2067 403 2098; x_wconf 80' lang='lat' dir='ltr'>light</span> <span class='ocrx_word' id='word_1_493' title='bbox 420 2075 451 2090; x_wconf 94' lang='lat' dir='ltr'>on</span> <span class='ocrx_word' id='word_1_494' title='bbox 469 2067 512 2090; x_wconf 86' lang='lat' dir='ltr'>the</span> <span class='ocrx_word' id='word_1_495' title='bbox 529 2067 597 2098; x_wconf 83' lang='lat' dir='ltr'>daily</span> 
     </span>
     <span class='ocr_line' id='line_1_56' title="bbox 78 2098 595 2130; baseline 0.004 -9"><span class='ocrx_word' id='word_1_496' title='bbox 78 2098 121 2121; x_wconf 76' lang='lat' dir='ltr'>life</span> <span class='ocrx_word' id='word_1_497' title='bbox 140 2099 189 2122; x_wconf 89' lang='lat' dir='ltr'>and</span> <span class='ocrx_word' id='word_1_498' title='bbox 207 2099 309 2130; x_wconf 84' lang='lat' dir='ltr'>religion</span> <span class='ocrx_word' id='word_1_499' title='bbox 329 2100 354 2123; x_wconf 76' lang='lat' dir='ltr'>of</span> <span class='ocrx_word' id='word_1_500' title='bbox 372 2100 416 2123; x_wconf 83' lang='lat' dir='ltr'>the</span> <span class='ocrx_word' id='word_1_501' title='bbox 436 2099 529 2130; x_wconf 84' lang='lat' dir='ltr'>people,</span> <span class='ocrx_word' id='word_1_502' title='bbox 547 2100 595 2123; x_wconf 80' lang='lat' dir='ltr'>and</span> 
     </span>
     <span class='ocr_line' id='line_1_57' title="bbox 79 2131 597 2163; baseline 0.002 -8"><span class='ocrx_word' id='word_1_503' title='bbox 79 2131 164 2156; x_wconf 83' lang='lat' dir='ltr'>record</span> <span class='ocrx_word' id='word_1_504' title='bbox 186 2131 250 2156; x_wconf 73' lang='lat' dir='ltr'>facts</span> <span class='ocrx_word' id='word_1_505' title='bbox 275 2134 320 2156; x_wconf 89' lang='lat' dir='ltr'>not</span> <span class='ocrx_word' id='word_1_506' title='bbox 345 2140 359 2156; x_wconf 79' lang='lat' dir='ltr'>a</span> <span class='ocrx_word' id='word_1_507' title='bbox 378 2132 426 2158; x_wconf 77' lang='lat' dir='ltr'>few</span> <span class='ocrx_word' id='word_1_508' title='bbox 449 2132 597 2163; x_wconf 82' lang='lat' dir='ltr'>concerniug</span> 
     </span>
    </p>
   </div>
   <div class='ocr_carea' id='block_1_11' title="bbox 680 1774 1205 2098">
    <p class='ocr_par' dir='ltr' id='par_1_14' title="bbox 680 1774 1205 2098">
     <span class='ocr_line' id='line_1_58' title="bbox 680 1774 1202 1799; baseline 0.002 -2"><span class='ocrx_word' id='word_1_509' title='bbox 680 1774 723 1797; x_wconf 87' lang='lat' dir='ltr'>the</span> <span class='ocrx_word' id='word_1_510' title='bbox 736 1774 849 1797; x_wconf 79' lang='lat' dir='ltr'>Parishes</span> <span class='ocrx_word' id='word_1_511' title='bbox 859 1775 907 1797; x_wconf 86' lang='lat' dir='ltr'>and</span> <span class='ocrx_word' id='word_1_512' title='bbox 916 1775 1015 1799; x_wconf 84' lang='lat' dir='ltr'>Mauors</span> <span class='ocrx_word' id='word_1_513' title='bbox 1025 1775 1113 1799; x_wconf 83' lang='lat' dir='ltr'>within</span> <span class='ocrx_word' id='word_1_514' title='bbox 1122 1775 1202 1799; x_wconf 83' lang='lat' dir='ltr'>which</span> 
     </span>
     <span class='ocr_line' id='line_1_59' title="bbox 680 1807 1202 1838; baseline 0.004 -9"><span class='ocrx_word' id='word_1_515' title='bbox 680 1807 740 1838; x_wconf 82' lang='lat' dir='ltr'>they</span> <span class='ocrx_word' id='word_1_516' title='bbox 753 1807 819 1830; x_wconf 83' lang='lat' dir='ltr'>lived</span> <span class='ocrx_word' id='word_1_517' title='bbox 838 1807 887 1830; x_wconf 85' lang='lat' dir='ltr'>and</span> <span class='ocrx_word' id='word_1_518' title='bbox 900 1808 1005 1832; x_wconf 86' lang='lat' dir='ltr'>worked.</span> <span class='ocrx_word' id='word_1_519' title='bbox 1041 1808 1093 1831; x_wconf 86' lang='lat' dir='ltr'>The</span> <span class='ocrx_word' id='word_1_520' title='bbox 1108 1808 1202 1831; x_wconf 82' lang='lat' dir='ltr'>several</span> 
     </span>
     <span class='ocr_line' id='line_1_60' title="bbox 680 1838 1202 1870; baseline 0.002 -8"><span class='ocrx_word' id='word_1_521' title='bbox 680 1842 789 1862; x_wconf 78' lang='lat' dir='ltr'>extracts</span> <span class='ocrx_word' id='word_1_522' title='bbox 802 1839 851 1862; x_wconf 88' lang='lat' dir='ltr'>will</span> <span class='ocrx_word' id='word_1_523' title='bbox 864 1838 894 1863; x_wconf 85' lang='lat' dir='ltr'>be</span> <span class='ocrx_word' id='word_1_524' title='bbox 906 1840 1022 1870; x_wconf 80' lang='lat' dir='ltr'>inserted,</span> <span class='ocrx_word' id='word_1_525' title='bbox 1033 1840 1121 1864; x_wconf 83' lang='lat' dir='ltr'>within</span> <span class='ocrx_word' id='word_1_526' title='bbox 1134 1841 1202 1863; x_wconf 84' lang='lat' dir='ltr'>brae-</span> 
     </span>
     <span class='ocr_line' id='line_1_61' title="bbox 681 1872 1204 1902; baseline 0.004 -8"><span class='ocrx_word' id='word_1_527' title='bbox 681 1872 743 1901; x_wconf 74' lang='lat' dir='ltr'>kets,</span> <span class='ocrx_word' id='word_1_528' title='bbox 770 1872 796 1894; x_wconf 87' lang='lat' dir='ltr'>iu</span> <span class='ocrx_word' id='word_1_529' title='bbox 822 1872 865 1894; x_wconf 85' lang='lat' dir='ltr'>the</span> <span class='ocrx_word' id='word_1_530' title='bbox 891 1873 996 1896; x_wconf 84' lang='lat' dir='ltr'>Genera]</span> <span class='ocrx_word' id='word_1_531' title='bbox 1026 1874 1112 1902; x_wconf 80' lang='lat' dir='ltr'>Index,</span> <span class='ocrx_word' id='word_1_532' title='bbox 1141 1873 1204 1896; x_wconf 83' lang='lat' dir='ltr'>with</span> 
     </span>
     <span class='ocr_line' id='line_1_62' title="bbox 680 1904 1202 1936; baseline 0.002 -9"><span class='ocrx_word' id='word_1_533' title='bbox 680 1905 723 1928; x_wconf 80' lang='lat' dir='ltr'>the</span> <span class='ocrx_word' id='word_1_534' title='bbox 741 1904 870 1934; x_wconf 77' lang='lat' dir='ltr'>exception</span> <span class='ocrx_word' id='word_1_535' title='bbox 894 1905 919 1928; x_wconf 82' lang='lat' dir='ltr'>of</span> <span class='ocrx_word' id='word_1_536' title='bbox 941 1906 985 1929; x_wconf 81' lang='lat' dir='ltr'>the</span> <span class='ocrx_word' id='word_1_537' title='bbox 1010 1906 1115 1936; x_wconf 78' lang='lat' dir='ltr'>Reports</span> <span class='ocrx_word' id='word_1_538' title='bbox 1138 1905 1202 1928; x_wconf 85' lang='lat' dir='ltr'>from</span> 
     </span>
     <span class='ocr_line' id='line_1_63' title="bbox 680 1937 1202 1966; baseline 0 -6"><span class='ocrx_word' id='word_1_539' title='bbox 680 1937 822 1966; x_wconf 69' lang='lat' dir='ltr'>Ashburton,</span> <span class='ocrx_word' id='word_1_540' title='bbox 857 1937 1021 1965; x_wconf 73' lang='lat' dir='ltr'>Bransconzbe,</span> <span class='ocrx_word' id='word_1_541' title='bbox 1055 1937 1202 1961; x_wconf 79' lang='lat' dir='ltr'>Broadlzcnz-</span> 
     </span>
     <span class='ocr_line' id='line_1_64' title="bbox 681 1969 1203 2000; baseline 0.002 -8"><span class='ocrx_word' id='word_1_542' title='bbox 681 1970 749 2000; x_wconf 76' lang='lat' dir='ltr'>bury,</span> <span class='ocrx_word' id='word_1_543' title='bbox 767 1970 816 1992; x_wconf 83' lang='lat' dir='ltr'>and</span> <span class='ocrx_word' id='word_1_544' title='bbox 841 1969 970 2000; x_wconf 61' lang='lat' dir='ltr'>Bucleerell,</span> <span class='ocrx_word' id='word_1_545' title='bbox 995 1970 1075 1994; x_wconf 78' lang='lat' dir='ltr'>which</span> <span class='ocrx_word' id='word_1_546' title='bbox 1094 1970 1144 1993; x_wconf 84' lang='lat' dir='ltr'>will</span> <span class='ocrx_word' id='word_1_547' title='bbox 1173 1970 1203 1993; x_wconf 87' lang='lat' dir='ltr'>be</span> 
     </span>
     <span class='ocr_line' id='line_1_65' title="bbox 680 2002 1204 2031; baseline 0 -6"><span class='ocrx_word' id='word_1_548' title='bbox 680 2002 759 2025; x_wconf 77' lang='lat' dir='ltr'>found</span> <span class='ocrx_word' id='word_1_549' title='bbox 768 2002 847 2025; x_wconf 87' lang='lat' dir='ltr'>under</span> <span class='ocrx_word' id='word_1_550' title='bbox 856 2002 1056 2031; x_wconf 82' lang='lat' dir='ltr'>“Institutions‚’&#39;</span> <span class='ocrx_word' id='word_1_551' title='bbox 1067 2002 1110 2026; x_wconf 89' lang='lat' dir='ltr'>the</span> <span class='ocrx_word' id='word_1_552' title='bbox 1118 2002 1204 2026; x_wconf 82' lang='lat' dir='ltr'>earlier</span> 
     </span>
     <span class='ocr_line' id='line_1_66' title="bbox 680 2034 1203 2065; baseline -0.002 -7"><span class='ocrx_word' id='word_1_553' title='bbox 680 2035 762 2058; x_wconf 83' lang='lat' dir='ltr'>sheets</span> <span class='ocrx_word' id='word_1_554' title='bbox 780 2034 805 2057; x_wconf 81' lang='lat' dir='ltr'>of</span> <span class='ocrx_word' id='word_1_555' title='bbox 830 2034 881 2057; x_wconf 84' lang='lat' dir='ltr'>this</span> <span class='ocrx_word' id='word_1_556' title='bbox 902 2035 1008 2059; x_wconf 88' lang='lat' dir='ltr'>Volume</span> <span class='ocrx_word' id='word_1_557' title='bbox 1028 2035 1120 2065; x_wconf 83' lang='lat' dir='ltr'>having</span> <span class='ocrx_word' id='word_1_558' title='bbox 1141 2035 1203 2058; x_wconf 85' lang='lat' dir='ltr'>been</span> 
     </span>
     <span class='ocr_line' id='line_1_67' title="bbox 680 2066 1205 2098; baseline -0.004 -6"><span class='ocrx_word' id='word_1_559' title='bbox 680 2067 781 2098; x_wconf 80' lang='lat' dir='ltr'>printed</span> <span class='ocrx_word' id='word_1_560' title='bbox 797 2066 880 2090; x_wconf 76' lang='lat' dir='ltr'>before</span> <span class='ocrx_word' id='word_1_561' title='bbox 901 2067 944 2092; x_wconf 84' lang='lat' dir='ltr'>the</span> <span class='ocrx_word' id='word_1_562' title='bbox 962 2068 1010 2092; x_wconf 84' lang='lat' dir='ltr'>Old</span> <span class='ocrx_word' id='word_1_563' title='bbox 1028 2067 1096 2091; x_wconf 87' lang='lat' dir='ltr'>Book</span> <span class='ocrx_word' id='word_1_564' title='bbox 1113 2067 1205 2091; x_wconf 82' lang='lat' dir='ltr'>turned</span> 
     </span>
    </p>
   </div>
   <div class='ocr_carea' id='block_1_12' title="bbox 680 2108 721 2131">
    <p class='ocr_par' dir='ltr' id='par_1_15' title="bbox 680 2108 721 2131">
     <span class='ocr_line' id='line_1_68' title="bbox 680 2108 721 2131; baseline 0.024 -8"><span class='ocrx_word' id='word_1_565' title='bbox 680 2108 721 2131; x_wconf 88' lang='lat' dir='ltr'>up.</span> 
     </span>
    </p>
   </div>
  </div>
 </body>
</html>
