1328 2295
64 170 133 204 108
260 178 333 203 THE
358 177 539 204 REGISTER
566 177 610 204 oF
635 177 773 204 BISHOP
800 177 1025 205 STAPELDON.

61 254 218 298 Clyst-St.
247 255 353 298 Mary,
380 255 433 287 Sir
460 255 601 287 Thomas
629 256 668 288 de
696 256 883 295 Trebervet,
910 257 1108 294 R.,-Licenee
1125 263 1151 287 of
1168 269 1228 287 non-

159 300 285 324 residenee
296 300 335 323 for
347 308 361 323 a
372 307 437 331 year,
451 300 475 330 (3
485 300 549 329 Oct,
563 299 636 331 1315)
652 309 657 330 3
677 302 731 325 110.

61 339 307 383 coadebOI‘S,—
313 349 478 373 Commission
491 349 601 373 directed
613 352 640 373 to
652 350 746 374 Master
757 350 853 374 Walter
865 351 896 374 de
908 350 999 375 Setone
1018 347 1230 380 (official-Princi-

158 385 217 416 pal),
236 386 275 409 for
287 386 353 410 their
365 387 547 416 appoiutment,
561 387 633 411 when
646 387 811 411 Incumbents
823 395 887 412 were
899 387 990 411 unable
1002 389 1029 411 to
1042 386 1152 418 perform
1164 385 1208 409 the

160 418 244 442 duties
254 418 277 448 (1
292 419 361 450 July,
372 419 447 449 1322)
458 427 464 448 ;
484 420 537 443 168.

62 461 264 502 Cobbatone,
280 463 427 495 William
440 464 489 502 de,
501 475 548 496 see
564 464 679 503 Fonte,
694 464 784 497 John
801 465 840 496 de
854 477 860 504 ;
885 464 949 497 53¹³.

62 517 277 561 Cobbeleghe,
293 519 404 562 Philip
420 520 468 558 de,
485 520 579 561 (late)
596 520 711 553 Canon
723 521 757 553 of
781 520 939 553 Crediton
952 533 959 560 ;
983 519 1047 554 33¹³.

62 574 210 614 Coctone,
227 575 397 608 Goseeline
413 576 453 608 de
468 587 475 615 ;
500 576 526 607 L
543 576 631 609 20212.

63 630 191 674 Coffyn,
209 632 307 671 Elias,
324 634 473 675 presente
489 634 524 664 to
541 632 764 675 Inwardleigh
778 645 785 672 3
810 634 881 666 120.

61 687 189 730 Ooffyn,
200 688 298 727 John,
310 691 459 731 presents
476 691 511 720 to
527 689 722 731 Alwington
741 701 748 729 3
774 688 845 722 172.

62 743 192 787 Coffyn,
207 745 305 783 John,
322 745 359 777 R.
373 745 408 777 of
431 745 639 787 Throwleigh
655 758 661 784 ;
678 745 793 787 (Ονίῖ.)
811 745 905 777 22312:
939 745 966 776 L
985 744 1056 779 197.

62 800 182 843 Coffyn
198 802 250 843 (or
268 801 399 844 Cofyn)‚
416 802 572 839 William,
590 802 626 833 R.
645 802 680 834 of
702 802 914 844 Warkleigh3
936 804 1013 834 143:
1031 802 1057 833 L
1071 802 1141 833 193.

61 857 293 900 Coiswynyne,
310 858 370 890 Ivo
386 858 453 889 and
469 858 595 889 Walter
612 858 651 889 de
665 870 672 897 3
697 858 724 889 L
741 860 814 889 215.

61 913 266 956 Ookyntone,
297 914 387 945 John
404 914 452 951 de,
468 914 607 945 collated
629 916 663 946 to
681 914 1071 956 Stockleigh-Pomeroy:
1094 913 1146 951 79,
1163 912 1228 951 83¹5

150 956 235 995 10912,
254 959 325 995 115,
345 956 429 995 1421‘,
446 957 555 998 (oss-cz.)
575 959 649 989 233.

61 1013 310 1056 Coekyngtone‚
322 1014 465 1045 Vincent
478 1013 526 1051 de,
540 1013 672 1046 Proctor
687 1014 736 1046 for
753 1014 871 1056 Henry
883 1014 925 1046 de
942 1013 1126 1056 Gatepathe
1140 1024 1147 1050 3
1161 1012 1227 1047 47¹³.

62 1069 373 1111 [Colaton-Raleigh
391 1069 569 1109 (Coletone,
586 1070 729 1111 MS.),-

133 1125 266 1150 Vixitacion
275 1125 318 1155 (see
328 1125 641 1157 Olyst-Honitm1f‚note)—“
650 1127 716 1150 facta
725 1127 764 1150 die
773 1127 863 1151 Sancte
871 1128 887 1151 J
889 1127 978 1157 uliane,
986 1127 1103 1158 Virginis,
1113 1126 1229 1150 videlicet

160 1159 212 1190 xiiij
235 1159 361 1182 Kalendas
382 1159 467 1182 Marcii
489 1159 529 1188 [16
558 1158 636 1190 Feb.],
657 1160 731 1183 Anno
758 1160 860 1183 Domini
879 1160 918 1183 M0
937 1160 1033 1184 ΟΟΟῙΠο
1052 1159 1166 1190 septimo,
1185 1167 1229 1190 per

159 1192 310 1222 Magistrum
335 1192 468 1215 Ricardum
491 1192 522 1215 de
546 1192 687 1221 Morcestre,
712 1193 866 1216 canonicum
889 1193 998 1216 Ecclesie
1021 1192 1177 1222 Exoniensis,
1203 1194 1229 1215 et

159 1225 316 1248 Willelmum
334 1224 427 1253 Bonde,
447 1224 574 1247 Vicarium
598 1225 706 1248 Ecclesie
727 1226 873 1249 Exoniensis
891 1226 1024 1255 antedicto,
1045 1233 1089 1256 per
1106 1225 1227 1248 Dominos

160 1257 290 1280 Deoanum
321 1259 346 1280 et
375 1257 520 1287 Capitulum
548 1258 643 1280 Exonie
671 1258 702 1281 ad
731 1258 778 1281 hoe
809 1258 949 1289 specialiter
979 1259 1121 1288 deputatos,
1153 1265 1228 1288 super

160 1290 301 1313 defectibus
319 1290 345 1312 in
364 1290 473 1313 Ecclesia
490 1290 521 1313 de
534 1290 653 1313 Coletone
671 1293 805 1314 memorata
825 1294 851 1314 et
864 1291 964 1322 Capella
982 1291 1067 1314 Sancti
1079 1290 1226 1319 Theobaldi,

162 1322 372 1353 Ornamentisque
393 1322 546 1351 earundcm;
566 1331 662 1346 necnon
685 1323 711 1346 in
735 1324 851 1347 domibus
875 1323 989 1347 Rectorie
1012 1326 1038 1346 et
1061 1331 1104 1346 sue
1126 1323 1226 1353 Capelle

161 1357 274 1386 tempore
293 1355 382 1378 mortis
402 1355 467 1378 bone
487 1355 606 1378 memorie
627 1355 741 1386 Magistri
760 1356 863 1379 Henrici
882 1356 913 1379 de
931 1356 1078 1385 Somersete,
1099 1356 1227 1386 quondam

161 1388 255 1411 Deeani
284 1388 440 1415 Exoniensis,
475 1388 606 1417 defuncti,
637 1396 744 1418 quorum
773 1389 897 1419 reparaoio
921 1389 1053 1419 adipsum
1076 1389 1227 1412 defunctum

160 1420 308 1451 pertinebat.
353 1421 434 1451 Super
457 1421 549 1450 quibus
570 1421 721 1450 inquisitum
745 1424 798 1444 erat
821 1430 865 1452 per
887 1422 1072 1452 infrascriptos;
1103 1421 1225 1450 videlicet,

161 1454 300 1477 Dominum
312 1453 474 1481 IVillelmum,
492 1453 619 1476 Vicarium
632 1453 745 1484 ejusdem
758 1454 866 1477 Ecclesie
884 1455 914 1477 de
928 1454 1053 1483 Coletone,
1073 1454 1227 1477 willelmum

159 1486 183 1509 le
203 1486 279 1513 Hurt,
302 1486 443 1509 Walterum
466 1486 489 1508 le
510 1486 585 1516 Urye,
610 1488 635 1509 et
659 1486 798 1510 Robertum
822 1487 852 1510 de
875 1487 1038 1516 Middeltone,
1062 1486 1227 1510 Parochianos

161 1519 275 1549 ejusdem
289 1518 397 1541 Ecclesie
409 1518 490 1547 laicos,
502 1518 599 1548 juratos
612 1526 617 1547 3
631 1519 674 1549 qui
687 1519 775 1542 dieunt
787 1520 855 1550 quod
867 1520 961 1543 defficit
973 1519 1027 1549 (sic)
1040 1527 1090 1542 una.
1103 1519 1225 1550 Legenda,

161 1551 236 1582 precii
248 1551 327 1581 xxvjs.
341 1551 384 1581 viij
398 1551 421 1574 d.
469 1551 542 1580 Item,
555 1551 563 1581 j
579 1551 702 1581 Ordinale,
721 1552 797 1582 precii
810 1560 836 1575 vs
849 1559 854 1580 ;
871 1552 880 1583 j
894 1552 982 1582 ciphus
1006 1554 1131 1582 stagneus,
1150 1552 1225 1582 precii

159 1584 221 1614 iijcl„
250 1591 326 1614 quem
360 1583 466 1607 abstulit
489 1583 572 1607 dictus
596 1584 714 1614 Magister
742 1585 873 1608 Henricus.
928 1585 1002 1614 Item,
1031 1584 1116 1608 deficit
1145 1592 1224 1608 unum

160 1617 327 1645 Venitarium,
348 1616 423 1647 precii
441 1616 477 1646 ijs.
531 1617 603 1645 Item,
623 1617 707 1640 deficit
724 1616 750 1640 in
769 1617 883 1641 Cancello
901 1617 931 1640 de
950 1617 1069 1641 Coletone
1085 1617 1094 1647 j
1113 1617 1224 1640 fenestra

160 1649 246 1678 vitrea,
264 1651 291 1672 et
302 1649 484 1672 ferramentum
502 1649 533 1672 ad
551 1649 662 1678 eandem,
684 1657 733 1679 que
746 1649 787 1673 vix
800 1652 906 1680 possunt
917 1650 1026 1680 reparari
1038 1658 1081 1680 pro
1094 1649 1137 1680 vjs.
1152 1649 1221 1673 viiicl¹

161 1682 234 1710 Item,
259 1682 348 1705 dicunt
371 1682 438 1712 quod
462 1684 500 1704 est
523 1690 604 1705 unum
627 1682 800 1712 Antiphonare
824 1683 854 1705 de
877 1682 1018 1713 Temporali
1040 1684 1067 1705 et
1090 1682 1225 1706 Communi

160 1715 310 1738 Sanctorum
328 1714 440 1737 totaliter
452 1714 610 1742 dissolutum,
630 1717 655 1738 et
668 1722 748 1738 unum
762 1715 938 1738 Collectarium
951 1723 994 1746 per
1005 1723 1038 1744 se,
1057 1723 1107 1745 que
1118 1717 1225 1745 possunt

158 1747 235 1778 ligari,
256 1749 286 1770 ut
304 1747 418 1775 credunt,
437 1755 482 1777 pro
502 1747 548 1777 iijs.
595 1747 667 1776 Item,
687 1747 776 1770 dicunt
796 1748 864 1778 quod
886 1748 994 1771 Cancelli
1014 1748 1045 1770 de
1063 1747 1182 1771 Coletone
1199 1749 1226 1771 et

161 1780 246 1803 Sancti
258 1780 395 1803 Theobaldi
406 1780 512 1802 fuerunt
523 1782 636 1810 tempore
653 1780 740 1803 mortis
755 1780 815 1803 dicti
828 1780 940 1811 Magistri
953 1780 1055 1803 Heni-ici
1067 1780 1223 1811 discooperti,

159 1815 185 1836 et
202 1812 309 1843 reparati
327 1820 371 1842 per
383 1812 521 1835 Dominum
534 1813 663 1835 Decanum
676 1813 719 1843 qui
738 1820 805 1836 nunc
817 1816 861 1842 est,
883 1815 921 1836 set
933 1821 977 1843 pro
990 1815 1086 1843 quanto
1098 1813 1219 1843 ignorant.

159 1844 234 1874 Item,
247 1845 336 1868 dieunt
348 1845 415 1875 quod
428 1845 551 1875 reparacio
564 1845 663 1873 stabuli,
677 1845 789 1875 comune,
803 1848 828 1868 et
840 1845 951 1876 pisti-ine,
964 1846 1031 1876 apud
1045 1845 1170 1874 Colctone,
1182 1845 1225 1868 vix

159 1881 266 1908 possunt
283 1877 391 1907 reparari
408 1885 452 1908 pro
470 1885 486 1899 x
504 1877 600 1907 marcis,
621 1878 680 1908 quin.
697 1886 741 1908 pro
754 1878 843 1908 majori
855 1881 925 1908 parte
937 1881 997 1901 sunt
1009 1878 1109 1901 ruinosi.
1146 1878 1219 1906 Item,

159 1910 248 1934 dicunt
279 1910 347 1940 quod
374 1912 520 1940 coopertura
543 1918 639 1933 camere
668 1911 735 1940 apud
760 1911 885 1940 Coletone,
914 1910 958 1934 ubi
983 1910 1070 1941 jacent
1092 1910 1223 1941 Armigeri,

159 1942 283 1966 constabit
295 1943 327 1965 ad
340 1942 423 1965 minus
435 1942 479 1972 vjs.
494 1942 562 1972 viijd.
599 1943 672 1971 Item,
685 1943 809 1973 repar-acio
821 1943 886 1966 fosse
898 1945 924 1966 et
936 1943 1002 1974 cepis
1014 1943 1078 1966 circa
1089 1943 1223 1974 gardinum

158 1975 253 1998 ibidem
270 1975 395 1998 constabit
412 1982 447 1998 vs.
484 1975 557 2003 Item,
579 1975 668 1998 dieunt
688 1976 755 2005 quod
777 1976 889 1999 desectus
907 1976 1007 2006 grangie
1027 1978 1053 1999 et
1073 1975 1222 1999 columbaris

157 2008 225 2038 apud
237 2008 358 2032 Sanctum
373 2007 545 2030 Theobaldum
558 2007 599 2030 vix
617 2010 723 2038 possunt
740 2008 848 2038 reparari
859 2008 890 2031 de
909 2009 955 2038 Ca,
968 2008 1028 2038 quia
1039 2008 1181 2031 columhare
1193 2016 1224 2031 ex

158 2043 213 2064 toto
225 2043 263 2064 est
275 2041 412 2069 ruinosum,
431 2042 456 2063 et
468 2040 569 2070 grangia
581 2040 620 2063 vel
632 2040 710 2070 quasi.
746 2041 818 2069 Item,
837 2041 925 2064 dicunt
937 2041 1005 2071 quod
1017 2041 1130 2064 clausura
1141 2040 1221 2064 trium

159 2073 296 2097 croftarum
314 2075 340 2096 et
356 2073 431 2096 unius
448 2073 518 2103 parvi
536 2073 659 2103 curtilagii
671 2073 713 2096 vix
730 2073 887 2103 reparabitur
898 2081 943 2104 pro
955 2081 1015 2103 xxs„
1034 2076 1064 2097 ut
1075 2073 1126 2097 sint
1137 2073 1163 2096 in
1175 2073 1221 2096 tali

159 2108 228 2129 statu
240 2113 291 2136 quo
303 2105 418 2129 Decanus
430 2105 543 2128 Andreas
556 2105 597 2135 [de
609 2105 755 2136 Kylkenny]
768 2114 808 2129 eas
820 2106 922 2130 dimisit.
958 2106 1032 2133 Item,
1051 2106 1140 2129 dieunt
1151 2106 1220 2136 quod

157 2138 225 2163 idem
241 2138 358 2163 Decanus
375 2138 506 2167 Henricus,
527 2146 571 2169 pro
589 2138 729 2162 defectibus
747 2138 778 2162 de
796 2138 914 2163 Coletone
932 2141 958 2163 et
975 2138 1062 2164 Sancti
1073 2138 1219 2168 Theobaldi,
