1328 2295
452 175 626 202 GENERAL
652 174 784 202 INDEX.
1123 164 1193 199 139

35 254 175 296 Deneys,
192 254 348 292 William,
364 254 439 285 inst.
456 256 491 285 to
505 253 629 285 Pinhoe
643 265 650 292 ;
674 254 745 284 124.

33 305 175 342 Denisel,
191 305 242 336 Fr.
261 305 341 342 Odo,
359 305 636 346 Canon-Regulai=
653 304 688 336 of
704 304 848 336 Bodmin
863 316 868 342 ;
892 304 943 341 71,
960 302 1026 335 89¹³.

37 357 228 399 Despenser,
246 357 298 388 Sir
314 357 417 398 Hugh
435 357 518 394 le,—

103 409 245 436 Londoniis,
271 408 360 439 quinto
384 409 424 432 die
447 408 539 431 mensis
562 408 634 431 Junii
657 407 750 438 [1325],
769 407 896 431 emanavit
916 406 1064 431 Commissio
1088 405 1192 430 Officiali

135 442 243 470 Domini,
256 442 287 464 ad
296 441 450 464 audiendum
463 444 489 464 et
501 441 688 464 terminandum
697 448 868 470 quascumque
882 440 974 463 Causas
987 447 1055 470 quas,
1066 439 1191 462 occasione

135 474 327 504 presentacionis
348 474 455 497 Ecclesie
475 474 566 497 Sancte
591 473 667 496 Elene
690 473 720 495 de
740 473 835 495 Londai
859 472 883 501 [ii
893 480 912 495 e.
937 471 1138 502 Lundy-Island]
1162 471 1193 493 de

137 506 245 529 Domino
271 506 380 529 Waltero
404 506 426 529 le
449 506 524 534 Bitte,
543 514 586 536 per
609 505 726 528 Nobilem
744 505 833 528 Virum
857 504 996 528 Dominum
1015 505 1148 534 Hugonem
1172 503 1194 526 16

137 539 277 569 Despenser
294 539 367 567 facte,
386 538 519 568 contigerit
535 538 560 561 in
577 541 706 568 posterum
719 537 820 567 moveri,
833 539 858 561 et
870 538 902 560 ad
913 537 1085 560 inducendum
1098 536 1195 559 dictum

140 573 314 601 presentatum
327 579 332 600 ;
351 571 372 594 si
384 573 429 594 etc.
444 579 449 599 ;
472 569 541 594 184b.

104 604 179 627 —See
199 604 212 614 ‘⁴
223 604 301 627 Breve
313 604 344 627 de
357 603 465 627 Consilio
477 603 560 626 dando
571 603 584 612 ’¹
598 611 603 632 ;
628 603 648 626 L
663 601 731 626 215¹).

43 643 187 681 Devises,
204 644 350 675 William
368 644 416 680 de,
432 644 506 674 inst.
524 646 558 675 to
576 643 667 684 Holy
683 643 824 684 Trinity,
842 642 983 681 Exeter3
1008 644 1079 673 128.

42 695 167 732 Devon,
183 695 239 726 the
257 695 388 736 County
405 695 439 726 of
452 707 457 726 :
484 694 591 726 Carta
612 695 650 726 de
666 694 895 726 Libertatibus
913 694 1111 731 Devom'e,—-

109 747 299 770 MEMORANDUM
318 747 385 777 quod
401 747 474 770 Carta
488 747 618 777 Originalis
632 746 705 776 Regis
718 746 806 776 Anglie
825 746 855 769 sle
873 746 1042 770 Libertatibus
1056 745 1197 770 Comitatus

142 780 253 803 Devonie
269 782 381 803 remanet
397 779 423 803 in
440 779 553 802 custodia
569 779 674 802 Abbatis
689 781 715 802 et
731 779 876 802 Conventus
894 779 1050 802 Tavistochie
1062 787 1068 808 ;
1088 778 1136 802 sub
1152 778 1198 801 hac

142 812 264 841 forma,—

111 845 241 873 Henricus,
271 844 318 868 Dei
345 844 426 875 gracia
455 845 508 868 Rex
531 844 627 874 Anglie,
657 844 780 867 Dominus
801 843 927 872 Hibernie,
958 844 1017 867 Dux
1037 843 1198 872 Normannie,

143 877 286 907 Aquitanie,
310 879 336 900 et
359 877 447 900 Comes
470 877 620 906 Andegavie,
649 876 852 906 Archiepiscopis,
883 876 1018 906 Episcopis,
1050 876 1197 905 Abbatibus,

144 909 279 938 Prioribus,
304 909 450 938 Comitibus,
476 909 622 938 Baronibus,
646 909 802 937 Justiciariis,
827 909 978 938 Forestariis,
998 909 1199 937 Vicecomitibus,

145 942 287 972 Prepositis,
307 942 434 971 Ministris,
459 944 484 964 et
507 942 623 964 omnibus
646 941 747 964 Ballivis
771 944 796 964 et
820 941 946 964 Fidelibus
969 941 1027 970 suis,
1051 941 1201 964 salutem.—

146 974 305 1004 Inspeximus
324 974 426 998 Cartam
441 981 517 1003 quam
536 974 659 997 Dominus
676 973 803 997 Johannes
832 974 892 1002 Rex,
923 974 997 997 Pater
1021 977 1113 1002 noster,
1141 973 1202 996 fecit

147 1007 262 1030 omnibus
275 1007 426 1030 Hominibus
442 1007 473 1029 de
492 1009 546 1029 tota
559 1006 676 1035 Devonia,
693 1006 719 1029 in
732 1006 776 1029 hec
788 1006 1038 1035 ve1*ba‚—Johanues,
1054 1006 1101 1029 Dei
1113 1006 1201 1036 gracia,

148 1040 208 1068 Rex,
233 1042 287 1068 etc,
305 1039 509 1069 Archiepiscopis,
534 1039 669 1069 Episeopis,
693 1042 748 1067 etc,
766 1038 1004 1061 salutem—Sciatis
1022 1047 1067 1062 nos
1081 1038 1200 1061 deforest-

148 1079 201 1094 asse
219 1074 300 1095 totam
326 1072 464 1094 Devoniam
485 1072 515 1094 de
538 1071 654 1094 omnibus
675 1079 723 1101 que
746 1071 777 1094 ad
802 1071 929 1094 Forestam
952 1073 978 1094 et
1000 1071 1031 1094 ad
1052 1071 1202 1094 Forestarios

148 1104 281 1134 pertinent,
306 1112 385 1134 usque
408 1104 439 1127 ad
467 1106 546 1127 metas
574 1104 735 1133 antiquorum
764 1103 924 1133 regardorum
953 1104 983 1126 (le
1007 1104 1154 1127 Dertemora
1176 1106 1203 1126 et

149 1137 279 1166 Exemora,
306 1144 355 1167 que
375 1137 477 1166 regards
497 1136 602 1159 fuerunt
622 1139 734 1166 tempore
754 1136 825 1165 Regis
847 1136 946 1159 Henrici
968 1136 1059 1164 Primi;
1078 1136 1114 1159 ita
1134 1136 1202 1166 quod

151 1171 206 1192 tota
219 1169 329 1192 Devonia
341 1171 366 1192 et
380 1169 499 1192 Homines
511 1169 535 1191 in
550 1177 577 1191 ea
590 1171 725 1197 manentes,
744 1171 770 1191 et
782 1168 884 1191 heredes
897 1176 990 1197 eornm,
1009 1169 1061 1191 sint
1073 1169 1201 1192 deaffores-

150 1202 198 1224 tati
210 1201 318 1230 omnino,
339 1203 364 1224 et
377 1201 456 1232 quieti
474 1204 499 1224 et
516 1201 591 1224 soluti
604 1201 635 1224 de
651 1201 722 1223 nobis
734 1203 760 1223 et
772 1201 904 1223 heredibus
917 1201 1007 1224 nostris
1025 1201 1202 1231 inperpetuum

151 1234 181 1256 de
197 1234 313 1257 omnibus
325 1241 374 1264 que
391 1234 422 1256 ad
436 1234 562 1256 Forestam
580 1236 605 1256 et
623 1234 655 1256 ad
668 1233 818 1256 Forestarios
834 1234 968 1263 pertinent,
983 1234 1092 1263 exceptis
1105 1234 1203 1257 duabus

151 1267 226 1289 Moris
248 1266 432 1296 prenominatis,
454 1266 546 1289 scilicet
565 1266 711 1288 Dertemore
728 1268 754 1288 et
775 1266 889 1295 Exmore,
911 1274 954 1296 per
971 1266 1094 1296 predictas
1117 1269 1204 1289 metas.

153 1299 282 1327 Volumus,
302 1299 387 1328 eciam,
408 1301 434 1321 et
453 1298 610 1321 concedimus
633 1298 701 1327 quod
724 1298 829 1328 predicti
853 1298 973 1321 Homines
996 1299 1027 1321 de
1048 1298 1159 1321 Devonia
1180 1301 1206 1321 et

152 1331 254 1354 heredes
275 1339 360 1354 eorum
389 1331 497 1354 habeant
516 1331 707 1354 consuetudines
733 1330 798 1353 infra
823 1331 925 1360 regarda
943 1331 1070 1354 Morarum
1096 1331 1204 1358 illarum,

153 1363 219 1386 sicut
234 1363 325 1386 habere
344 1366 523 1386 consueverant
541 1366 652 1393 tempore
667 1363 771 1393 predicti
788 1363 860 1392 Regis
879 1363 998 1392 Henriei;
1020 1363 1133 1386 faciendo
1148 1363 1207 1386 inde

154 1396 346 1419 consuetudines
359 1404 421 1426 quas
433 1396 490 1419 inde
503 1396 581 1418 facere
594 1397 773 1418 consueverant
785 1398 811 1418 et
823 1395 967 1419 debuerant.
1012 1396 1046 1419 Et
1055 1396 1122 1426 quod
1135 1396 1208 1419 liceat

153 1429 188 1452 eis
200 1428 243 1458 qui
255 1428 379 1451 voluerint
391 1430 462 1451 extra
474 1428 596 1458 predictas
609 1430 687 1451 metas
701 1430 828 1457 essartare,
841 1436 926 1458 parcos
938 1429 1025 1456 facere,
1038 1428 1208 1451 omnimodam

154 1461 312 1484 venacionem
326 1468 418 1491 capere,
431 1468 510 1489 canes,
527 1468 597 1483 arcus
610 1463 635 1484 et
648 1461 758 1490 sagittas,
778 1463 804 1483 et
816 1460 862 1483 alia
874 1461 1016 1484 omnimoda
1028 1469 1096 1484 arma
1108 1461 1206 1489 habere,

156 1495 182 1516 et
193 1493 320 1516 saltatoria
331 1493 417 1522 facere,
430 1493 478 1516 nisi
495 1493 521 1516 in
533 1493 618 1516 divisis
635 1493 803 1523 predictarum
816 1493 950 1522 Mororum,
963 1493 1006 1516 ubi
1022 1501 1072 1516 non
1088 1495 1209 1523 poterunt

156 1526 283 1549 saltatoria
302 1526 341 1548 vel
362 1525 429 1548 haias
448 1525 533 1549 facere.
570 1526 603 1548 Et
623 1526 644 1548 si
663 1533 735 1548 canes
754 1533 840 1548 eorum
860 1526 1014 1549 excurrerint
1033 1526 1059 1549 in
1081 1526 1209 1549 Forestam

157 1560 275 1587 nostram,
299 1558 414 1581 volumus
438 1559 505 1588 quod
528 1557 575 1588 ipsi
598 1558 655 1581 inde
678 1558 842 1586 deducantur,
864 1558 929 1581 sicut
951 1561 976 1581 et
994 1558 1035 1581 alii
1056 1559 1163 1581 Berones
1184 1560 1210 1581 et

157 1591 250 1614 Milites
278 1591 336 1613 inde
356 1591 517 1614 deducuntur
537 1590 581 1620 qui
601 1592 662 1613 sunt
681 1591 855 1618 deafforestati,
877 1593 902 1613 et
926 1591 969 1621 qui
992 1590 1131 1614 marchiant
1151 1590 1210 1613 alibi

158 1623 259 1646 Foreste
271 1625 361 1646 nostre.
397 1623 431 1646 Et
443 1623 559 1646 volumus
571 1623 638 1653 quod
652 1631 716 1646 unus
728 1625 819 1646 turnus
830 1623 986 1647 Vicecomitis
999 1625 1100 1647 tantum
1113 1623 1157 1646 fiat
1168 1631 1212 1653 per

158 1663 253 1679 annum
275 1655 302 1678 in
326 1655 454 1679 Comitatu
477 1655 595 1683 Devonie,
620 1658 645 1678 et
668 1655 709 1678 ille
731 1657 822 1678 turnus
845 1655 890 1679 fiat
917 1658 975 1686 post
998 1656 1102 1679 Festum
1126 1655 1211 1679 Sancti

160 1688 293 1717 Michaelis,
304 1688 335 1711 ad
352 1688 531 1718 inquirendum
542 1688 635 1711 Placita
645 1688 741 1711 Corone
748 1690 774 1711 et
783 1687 830 1711 alia
842 1696 890 1718 que
899 1689 930 1711 ad
941 1688 1064 1712 Coronam
1076 1688 1211 1719 pertinent,

160 1720 212 1744 sine
232 1720 400 1744 occasionibus
420 1720 500 1749 alicui,
520 1720 668 1744 faciendum.
705 1721 739 1743 Et
759 1721 827 1750 quod
840 1721 923 1750 plures
943 1723 1032 1744 tui-nos
1054 1729 1104 1744 non
1127 1720 1210 1750 faeiat,

161 1753 208 1776 nisi
220 1761 264 1783 pro
277 1753 377 1776 Placitis
391 1753 493 1781 Corone,
512 1761 570 1776 cum
584 1753 712 1776 evenerint
729 1753 887 1776 attachianda
903 1761 960 1776 cum
974 1753 1174 1782 Coronatoribus,
1186 1755 1213 1776 et

161 1788 262 1816 propter
284 1793 370 1815 pacem
393 1785 600 1813 assecurandam3
630 1785 671 1814 ita,
691 1785 801 1815 quidem,
825 1786 893 1816 quod
912 1786 937 1809 in
958 1786 1051 1809 Itinere
1070 1786 1113 1809 illo
1136 1785 1213 1809 nichil

162 1818 242 1848 capiat
259 1818 290 1841 ad
309 1826 371 1848 opus
385 1826 466 1841 suum.
502 1818 539 1840 De
552 1818 698 1848 prisonibus,
716 1826 780 1847 vero,
793 1818 836 1848 qui
854 1818 919 1848 capti
935 1818 1031 1842 fuerint
1047 1819 1073 1842 in
1086 1818 1214 1842 Comitatu

162 1850 281 1879 Devonie,
293 1851 322 1873 :ie
332 1850 424 1880 quibus
433 1851 574 1873 Vicecomes
587 1850 678 1873 habeat
690 1852 840 1880 potestatem
850 1858 890 1874 eos
902 1851 1061 1881 replegiandi,
1071 1853 1097 1874 et
1106 1858 1214 1881 quorum

163 1883 311 1913 plegiaginm
336 1883 477 1906 Comitatus
500 1883 611 1906 Devonie
634 1883 740 1906 voluerit
770 1891 845 1913 super
874 1891 899 1906 se
929 1891 1021 1914 capere,
1051 1884 1167 1907 volumus
1191 1885 1217 1906 et

164 1915 321 1938 concedimus
333 1915 401 1945 quod
420 1923 463 1945 per
480 1915 611 1938 consilium
627 1923 713 1938 eorum
732 1915 917 1945 replegientur3
934 1915 969 1939 ita
981 1917 1049 1946 quod
1068 1924 1111 1946 per
1129 1916 1215 1939 odium

164 1947 203 1970 vel
223 1948 374 1970 occasionem
395 1948 552 1971 Vicecomitis
573 1947 678 1970 ulterius
698 1947 724 1970 in
743 1948 842 1977 prisona
861 1956 911 1971 non
932 1948 1099 1972 detineantur.
1135 1949 1169 1971 Et
1196 1948 1217 1971 si

165 1980 306 2003 Vicecomes
318 1980 412 2010 injuste
424 1980 563 2010 gravaverit
575 1980 698 2010 predictos
711 1980 830 2003 Homines
844 1981 961 2009 Devonie,
980 1984 1006 2004 et
1018 1981 1075 2004 inde
1088 1981 1217 2004 convictus

166 2012 249 2041 fuerit,
273 2012 366 2035 incidet
388 2012 413 2035 in
437 2013 630 2036 misericordiam
658 2015 776 2041 nostram,
803 2015 828 2036 et
851 2021 895 2036 nos
919 2014 949 2036 de
972 2021 1000 2037 eo
1023 2013 1216 2037 misericordiam

167 2045 298 2074 capiemus,
317 2047 343 2068 et
354 2045 431 2068 alium
444 2045 621 2068 Vicecomitem
634 2045 667 2068 eis
679 2045 871 2074 substituemus,
892 2046 935 2076 qui
948 2046 982 2069 eis
994 2046 1057 2069 bene
1069 2049 1094 2069 et
1107 2046 1218 2076 legaliter

168 2077 401 2100 tractabit—Teste
418 2078 525 2100 Domino
544 2078 689 2106 Hereberto,
707 2078 850 2101 Sarumeusi
866 2078 1006 2109 Episcopo;
1025 2079 1136 2102 Galfrido
1157 2078 1218 2101 Filio

168 2109 243 2138 Petri,
257 2110 354 2133 Comite
371 2109 473 2133 Essexie
486 2118 491 2139 ς
510 2110 659 2139 Baldewfflo,
681 2110 778 2134 Comite
790 2110 956 2139 Albemarlie;
975 2111 1106 2140 Willelmo,
1120 2110 1219 2135 Comite

167 2141 199 2165 de
217 2142 321 2165 Ferariis
334 2150 340 2171 ;
359 2142 475 2173 Henrico,
488 2142 587 2167 Comite
599 2142 745 2166 Herefordie
757 2150 763 2172 ;
782 2142 906 2167 willelmo
918 2144 949 2167 de
958 2144 1056 2174 Braose,
1069 2144 1177 2174 Hugone
1188 2143 1220 2167 de
