1328 2295
139 126 187 161 14

328 135 402 161 THE
428 135 612 162 REGISTER
639 135 686 161 OF
712 135 853 162 BISHOP
881 134 1120 162 STAPELDON.

232 215 303 239 cibus
315 214 453 246 providere,
463 216 489 238 et
500 214 609 243 interim,
621 222 752 246 quousque
764 214 858 239 dictam
867 214 1024 239 Prebendam
1036 221 1122 239 vacare
1131 212 1264 244 contigerit
1275 213 1302 236 et

231 248 302 272 illam
321 247 400 271 fuerit
416 250 553 275 assecutus,
567 247 649 271 eidem
666 247 815 271 Pensionem
831 255 967 278 congruam
984 247 1138 276 concederet,
1157 246 1300 270 Literarum

232 288 336 305 suarum
347 280 488 304 munimine
499 280 648 304 roboratam.
684 280 758 310 Cum,
770 280 856 311 igitur,
869 282 928 311 post
942 283 1055 304 nostram
1068 278 1300 308 Confirmacionem,

231 314 342 344 regimen
351 313 461 337 Ecclesie
472 312 620 336 Exoniensis
632 314 657 336 et
671 312 837 337 Collacionem
848 313 1037 337 Prebendarum
1049 313 1164 344 ejusdem
1175 311 1299 335 fuerimus

232 346 347 375 assecuti,
360 353 515 377 quamquam
527 345 610 369 adhuc
621 353 672 369 non
680 345 804 369 fuerimus
815 345 842 369 in
854 346 1009 377 Episcopum
1020 345 1164 375 consecrati,
1174 344 1300 368 credimus

231 379 300 410 quod
319 379 428 403 intencio
448 380 531 402 vestre
549 378 735 402 Dominacionis
756 378 870 402 extiterit
889 378 954 409 ipsas
973 378 1069 402 Literas
1085 378 1157 402 nobis
1175 376 1256 407 dirigi,
1273 379 1300 401 et

230 420 275 443 per
286 419 332 435 nos
345 411 415 435 vobis
426 411 490 435 velle
502 419 577 441 super
588 410 636 434 hiis
652 411 797 441 responderi
807 418 814 440 ;
834 413 860 435 et
876 411 940 441 ideo,
953 411 1010 442 plus
1021 410 1157 435 intencioni
1169 409 1301 434 scribentis

231 452 308 476 quam
334 444 416 468 verbis
440 443 552 475 Epistola
575 444 731 473 adherentes,
755 444 821 474 ipsas
845 443 942 467 Literas
970 443 1121 467 fiducialiter
1146 443 1298 474 aperuimus,

231 479 359 508 sperantes
377 477 404 500 in
423 476 470 500 hoc
490 478 573 500 vestre
594 476 769 500 Dominacioni
790 476 896 500 minime
918 476 1055 507 displicere.
1090 476 1157 500 Hinc
1174 477 1214 499 est
1230 475 1299 506 quod

231 512 342 534 vestram
360 509 542 534 Celsitudinem
558 509 656 532 devotis
672 509 788 540 precibus
803 509 935 533 humiliter
951 509 1114 540 imploramus
1129 508 1249 539 quatinus
1266 508 1298 532 ad

232 551 261 567 ea
284 550 334 574 que
357 542 489 566 scribimus
512 550 584 565 aures
606 541 675 573 juste
698 542 800 572 pietatis
826 541 956 571 inclinans,
980 542 1040 573 ipsis
1066 541 1209 571 intellectis,
1228 540 1299 571 juste

231 576 343 607 judicare
360 575 422 599 velit
439 575 508 605 quod
524 582 568 605 per
585 582 630 598 nos
646 574 725 598 fuerit
741 575 774 598 ad
790 582 891 605 presens
909 574 1015 598 ulterius
1032 574 1185 598 faciendum.
1223 574 1296 603 Cum,

232 608 306 638 enim,
319 608 383 632 circa
395 608 500 631 Festum
512 607 599 631 Sancti
608 607 711 631 Martini
722 607 873 638 preteritum
885 607 959 631 electi
970 615 1088 637 essemus,
1100 607 1160 631 licet
1170 607 1298 636 immeriti,

231 641 259 665 iu
271 641 380 665 Ecclesie
396 640 545 664 Exoniensis
560 640 679 664 futurum
700 640 852 671 Episcopum
868 642 894 664 et
911 640 1048 670 Pastorem,
1061 640 1165 671 quidam
1180 639 1301 671 Magister

232 674 354 698 Ricardus
383 673 415 697 de
437 673 591 704 Plymstoke,
615 675 703 696 contra
725 681 771 696 nos
794 675 821 697 et
843 673 938 697 dictam
960 673 1118 697 Eleceionem
1140 673 1172 696 ad
1196 672 1299 697 Curiam

232 707 372 731 Romanam
389 706 523 737 appellans,
536 707 649 729 nostram
667 705 900 734 Confirmacionem,
917 708 1004 729 contra
1019 706 1103 730 Deum
1120 708 1147 729 et
1163 705 1299 736 justiciam,

231 740 289 771 plus
300 739 386 763 debito
397 738 530 770 impedivit
541 746 546 768 ;
563 739 631 762 unde
642 746 688 762 nos
700 746 786 762 versus
802 739 907 762 eandem
921 739 1022 763 Curiam
1034 746 1066 762 ex
1082 738 1125 762 illa
1138 746 1219 768 causa,
1232 738 1298 762 sicut

231 772 352 803 oportuit,
361 771 525 802 personaliter
536 771 688 801 accedentes,
701 779 746 795 nos
758 773 784 795 et
796 773 908 795 nostram
917 771 1081 801 Eloecionem,
1091 779 1141 795 non
1149 771 1244 802 absque
1252 771 1298 794 im-

232 805 369 829 moderatis
392 804 544 835 sumptibus,
565 804 596 827 ab
617 804 704 827 eadem
726 804 800 828 Curia
820 804 926 828 fecimus
945 804 1061 833 liberari;
1081 806 1184 835 propter
1204 811 1253 834 que
1274 806 1300 828 et

232 838 279 862 alia
296 837 469 868 contingenda
486 845 574 860 sumus
591 837 623 860 ad
640 844 749 867 presens,
769 839 795 860 et
811 839 914 867 propter
930 839 1029 860 nostras
1046 837 1146 860 futuras
1165 837 1296 861 Consecra-

232 871 329 895 cionem
346 872 372 894 et
390 869 615 893 Intronizacionem
641 869 735 893 erimus
752 869 778 893 in
796 869 915 893 futurum
933 877 973 893 ere
991 870 1072 893 alieno
1092 869 1164 900 quasi
1186 869 1297 893 intoller-

231 903 331 927 abiliter
350 902 453 932 onerati,
472 904 498 926 et
519 902 545 925 in
565 902 633 933 pluri
649 910 734 925 revera
751 910 827 933 quam
844 902 926 926 valere
943 902 1022 933 possit
1038 902 1065 926 in
1087 902 1197 926 exitibus
1214 904 1300 926 noster

231 936 397 967 Episcopatus
408 935 491 959 tribus
503 935 582 958 annis.
610 935 800 964 Verumtamen,
813 943 844 958 ne
856 943 870 958 a
882 935 954 958 nobis
965 935 1084 958 recedant
1095 935 1209 958 totaliter
1220 943 1298 958 vacue

231 971 303 993 tante
326 969 420 997 Preces,
441 967 489 998 ipsi
507 967 640 998 capellano
663 970 746 991 vestro
768 967 917 991 Pensionem
940 975 1058 997 annuam,
1081 968 1141 991 licet
1164 968 1298 996 modicam,

230 1001 391 1030 contulimus,
414 1000 494 1024 nostri
517 1000 591 1030 sigilli
613 1000 753 1023 munimine
773 1000 923 1028 roboratam,
944 1003 1021 1031 prout
1042 1001 1069 1024 in
1091 1000 1182 1024 Literis
1204 1001 1298 1024 nostris

232 1034 384 1058 Patentibus
399 1035 481 1057 vestre
506 1033 663 1062 eelsitudini,
683 1033 722 1056 vel
739 1033 828 1062 eidem,
848 1041 892 1063 per
909 1033 1015 1056 latorem
1036 1033 1196 1057 Preseneium
1219 1033 1296 1064 porri-

230 1067 326 1098 gendis,
334 1066 433 1097 plenius
445 1065 590 1089 continetur
600 1073 605 1094 ;
619 1065 726 1089 ulterius
737 1065 817 1089 facere
829 1066 990 1089 intendentes
1002 1066 1028 1089 in
1040 1068 1153 1097 tempore
1165 1069 1297 1097 oportuno,

231 1102 308 1131 prout
330 1099 470 1122 secundum
496 1098 580 1122 Deum
602 1100 628 1122 et
651 1098 741 1122 merita
764 1098 843 1129 ipsius
867 1106 971 1129 persone
989 1099 1124 1122 viderimus
1146 1099 1296 1123 faciendum.

229 1132 387 1156 Prehendam
412 1134 497 1155 tamen
513 1133 658 1154 vacaturam
674 1139 718 1154 seu
736 1132 914 1162 quodcumque
937 1132 1007 1155 aliud
1026 1131 1180 1155 Beneficium
1200 1132 1297 1155 Eccles-

229 1165 347 1189 iasticum
369 1172 420 1188 non
437 1164 617 1195 promittimus,
637 1171 682 1187 nec
699 1166 758 1187 ante
781 1164 937 1187 vacacionem
956 1165 1102 1195 promittere
1122 1164 1296 1194 intendimus;

230 1200 287 1222 tum
305 1197 364 1228 quia
382 1197 429 1221 hoc
448 1196 584 1227 prohibent
604 1197 805 1220 Constituciones
826 1197 1006 1226 Ecclesiastice,
1028 1200 1085 1220 tum
1109 1197 1168 1227 quia
1190 1197 1297 1228 majores

230 1230 360 1254 Prehende
377 1230 409 1253 ad
427 1232 539 1253 nostram
558 1229 725 1253 Collacionem
741 1231 883 1259 spectantes
901 1237 944 1259 per
966 1230 1123 1253 Provisiones
1141 1230 1297 1260 Apostolicas

229 1265 290 1287 sunt
309 1262 444 1286 Collacioni
459 1262 559 1286 Summi
576 1261 705 1285 Pontificis
722 1264 852 1285 reservate.
888 1262 1021 1293 Dignetur,
1039 1270 1104 1293 ergO,
1122 1262 1209 1286 innata
1227 1263 1297 1286 vobis

229 1296 365 1320 liberalitas
381 1303 456 1326 super
474 1295 597 1325 parvitate
613 1295 679 1318 dicte
697 1295 826 1318 Pensionis
842 1303 873 1318 ex
888 1295 968 1318 causis
986 1295 1105 1326 predictis
1120 1295 1166 1319 hac
1182 1296 1235 1319 viee
1251 1303 1297 1319 nos

229 1329 328 1356 habere,
338 1329 358 1351 si
365 1328 448 1356 libeat,
459 1329 590 1351 excusatos
601 1335 606 1356 ;
619 1327 675 1358 plus
685 1327 802 1350 affectum
810 1327 927 1351 donantis
937 1335 986 1358 que
998 1330 1037 1351 est
1046 1328 1136 1351 devota
1148 1327 1208 1359 (sic),
1219 1336 1296 1359 quam

230 1361 401 1392 quantitatem
418 1360 479 1383 doni
502 1368 552 1390 que
569 1362 607 1383 est
624 1360 728 1389 modica,
750 1362 831 1383 vestre
849 1360 1050 1384 mansuetudinis
1068 1361 1145 1384 oculis
1162 1361 1293 1386 intuendo.

230 1394 322 1423 Parati,
335 1394 410 1421 enim,
423 1400 511 1416 sumus
524 1395 549 1416 et
562 1400 659 1423 semper
676 1393 768 1416 erimus
781 1395 863 1416 vestre
876 1393 1049 1416 Domiuacioni
1061 1401 1106 1424 pro
1121 1393 1217 1417 viribus
1229 1401 1295 1417 com-

230 1427 333 1458 placere,
343 1433 448 1456 eamque
457 1433 586 1456 speramus
594 1425 619 1448 in
629 1425 721 1448 nostris
731 1425 832 1456 agendis
841 1425 932 1449 habere
943 1426 1086 1456 graciosam.
1121 1426 1162 1449 Ad
1174 1426 1295 1450 honorem

230 1460 278 1483 Dei
289 1461 315 1483 et
328 1459 466 1482 utilitatem
483 1458 563 1489 Regni
582 1466 625 1481 vos
644 1461 774 1481 conservet
786 1458 931 1481 Altissimus
948 1466 992 1488 per
1007 1461 1121 1489 tempora
1137 1467 1254 1489 prospera
1272 1461 1298 1482 et

229 1491 465 1523 prolixa.--·Datum
483 1491 550 1521 apud
576 1490 730 1520 Stockwelle,
747 1491 822 1521 juxta
840 1491 989 1521 Londonias,
1009 1491 1053 1522 viij
1072 1491 1112 1515 die
1129 1492 1144 1516 J
1149 1492 1201 1522 ulii,
1222 1492 1296 1516 Anno

231 1525 334 1549 Domini
350 1524 483 1548 Millesimo
500 1523 598 1548 CCC¹¹¹0
610 1523 780 1548 octava—fol.
795 1525 816 1548 5.

262 1597 350 1623 Pensio
361 1598 422 1623 data
433 1598 545 1623 Johanm'
556 1598 585 1623 de
596 1599 617 1623 J
616 1598 712 1630 arqolzo,
725 1599 759 1623 ad
770 1599 853 1624 Preces
865 1599 955 1631 Regina
964 1607 1007 1623 :—

197 1640 330 1669 Walterus,
343 1639 505 1670 permissione
517 1640 610 1663 Divina
621 1640 724 1663 Electus
744 1640 892 1664 Exoniensis
906 1640 1083 1671 confirmatus,
1095 1642 1230 1666 venerabili
1242 1642 1295 1666 viro

230 1675 257 1696 et
268 1673 382 1702 discreto,
395 1672 503 1696 Domino
516 1673 532 1697 J
534 1672 626 1696 ohanni
644 1673 675 1696 de
692 1673 809 1704 Jargoho,
822 1674 975 1698 nobilissime
993 1674 1101 1698 Domine
1112 1675 1234 1705 Ysabelle,
1248 1676 1295 1699 Dei

229 1706 310 1736 gracia
330 1705 423 1736 Regine
440 1705 537 1736 Anglie,
557 1705 664 1729 Domine
684 1706 811 1734 Hibernie,
830 1708 857 1730 et
874 1707 978 1730 Ducisse
996 1707 1159 1738 Aquitannie,
1179 1708 1296 1732 familiari

229 1738 370 1769 Capeliano,
380 1737 488 1761 salutem
500 1740 526 1761 et
538 1738 659 1761 sinceram
671 1738 698 1762 iu
708 1738 816 1762 Domino
829 1739 1090 1763 caritatem.-—Preces
1101 1740 1180 1771 ipsius
1192 1741 1293 1771 Regine,

229 1779 274 1801 pro
290 1778 395 1801 persona
406 1773 489 1794 vestra
504 1771 668 1794 effectualiter
684 1771 757 1795 nobis
772 1774 891 1802 porrecte,
902 1780 947 1795 nos
965 1772 1104 1803 plurimum
1120 1773 1257 1797 sollicitant
1268 1776 1295 1797 et

229 1804 356 1827 inducunt
376 1805 407 1826 ut
425 1811 556 1834 personam
575 1805 692 1832 vestram,
710 1811 786 1834 quam
806 1804 909 1828 diversis
925 1805 1052 1828 virtutum
1068 1805 1151 1829 titulis
1169 1806 1295 1830 credimus

228 1836 382 1867 insignitam,
398 1836 497 1866 speciali
509 1844 690 1866 prosequamur
701 1837 782 1867 gracia
794 1839 820 1860 et
831 1837 920 1861 favore.
951 1837 1018 1861 Hinc
1030 1840 1069 1861 est
1081 1838 1156 1869 quod,
1166 1839 1293 1869 premissis

229 1869 305 1899 digna
316 1868 412 1892 racione
424 1869 541 1899 pensatiS,
550 1876 659 1892 annuam
672 1869 820 1893 Pensionem
833 1872 942 1900 quatuor
956 1870 1094 1894 solidorum
1105 1871 1292 1902 sterlingorum,

229 1901 333 1932 singulis
350 1901 421 1924 annis
442 1901 473 1924 de
493 1901 597 1925 Camera
612 1904 698 1924 nostra
714 1902 746 1925 ad
765 1902 869 1925 Festum
887 1902 980 1926 Pascha
995 1903 1189 1934 percipiendam,
1201 1911 1293 1935 quous-

229 1942 279 1965 que
292 1933 361 1957 vobis
372 1934 403 1957 de
413 1933 560 1957 Prebendali
570 1934 692 1957 Beneficio
702 1934 769 1964 quod
782 1935 962 1965 acceptandum
975 1936 1098 1959 duxeritis
1110 1937 1293 1967 providerimus

229 1974 287 1990 cum
300 1966 397 1994 effectu,
410 1966 480 1989 vobis
492 1966 673 1996 promittimus,
686 1967 851 1996 concedimus,
865 1969 891 1991 et
903 1968 1053 1992 conferimus
1065 1976 1109 1999 per
1121 1969 1293 1993 Presentes.—

228 1999 258 2023 In
279 1999 353 2030 cujus
371 1998 406 2022 rei
424 1999 598 2022 testimonium
615 1999 660 2022 hus
679 1999 775 2023 Literas
790 2002 887 2023 nostras
908 2000 1026 2024 Patentes
1043 2001 1090 2024 tibi
1108 2001 1161 2025 fieri
1178 2002 1291 2031 fecimus,

228 2031 302 2062 sigilli
311 2031 390 2055 nostri
399 2031 539 2054 munimine
548 2031 813 2055 roboratas—Datum
823 2033 890 2063 apud
899 2033 1047 2062 Stoekwille,
1055 2033 1131 2064 juxta
1141 2035 1290 2065 Londonias,

229 2064 273 2095 viij
286 2064 326 2087 die
338 2064 354 2087 ,J
356 2064 408 2093 ulii,
420 2064 494 2087 Anno
510 2064 620 2093 Domini,
631 2066 677 2087 etc.
694 2064 787 2095 [1308],
800 2067 826 2088 et
841 2066 922 2095 Regni
939 2066 1013 2096 Regis
1031 2066 1149 2090 Edwardi
1161 2067 1206 2091 filii
1218 2068 1292 2099 Regis

228 2097 347 2121 Edwardi
357 2097 438 2128 primo
456 2096 480 2127 [a
491 2096 588 2121 clerical
600 2104 667 2121 error
678 2097 717 2121 for
735 2097 750 2109 “
759 2098 954 2123 secund0.''—B.
964 2098 1002 2124 W.
1013 2098 1055 2130 Gk]
1067 2107 1074 2130 ;
1092 2099 1149 2124 ibid.
