1328 2295
115 143 161 177 30
291 152 365 178 THE
391 153 575 180 REGISTER
602 154 650 180 or
676 154 816 181 BISHOP
844 154 1078 182 s'rAPELDON.

210 231 388 262 Stokegabriel,
398 232 545 256 Executoris
557 232 713 256 Testamenti
725 233 835 264 Philippi
848 234 940 263 Rurde,
949 234 1027 264 patris
1039 234 1146 265 predicti
1155 234 1265 265 Philippi

209 265 331 295 defuncti,
350 272 380 288 ex
398 265 493 289 altera:
513 265 639 295 predictus
657 266 796 296 Philippus,
813 266 879 289 filius
897 269 923 289 et
939 266 1017 296 heres,
1034 267 1064 290 de
1081 267 1231 290 auctoritate
1248 269 1274 290 et

209 305 330 321 consensu
350 298 455 328 predicti
475 298 602 321 Curatoris
621 298 667 326 sui,
687 298 761 328 petiit
777 299 825 322 sibi
845 299 946 322 restitui
964 307 1008 322 seu
1026 299 1125 323 liberari
1145 300 1273 330 quandam

209 330 320 353 Literam
329 330 469 359 Patentem,
478 330 558 360 sigillo
570 330 635 354 bone
646 330 765 354 memorie
777 332 905 361 quondam
914 331 1018 355 Domini
1027 332 1122 355 Thome
1130 332 1271 363 [Byttone],

210 363 257 386 Dei
280 363 361 393 gracia
382 363 530 386 Exoniensis
554 363 677 393 Episcopi,
696 363 878 387 Predecessoris
895 364 982 392 nostri,
1001 366 1031 387 ut
1055 364 1193 394 dicebatur,
1212 372 1272 388 con-

207 395 338 426 signatam,
352 395 424 425 cujus
440 398 513 418 tenor
528 395 585 419 talis
599 395 806 419 osv—Omnibus
824 396 915 420 Sancte
933 396 1022 420 Matris
1040 397 1148 420 Ecclesie
1165 397 1223 420 filiis
1240 397 1272 420 ad

209 435 271 458 quos
294 436 395 458 presens
419 428 548 458 Scriptum
571 427 714 458 pervenerit
737 428 846 452 Thomas
869 430 924 458 etc.²
947 429 1055 452 salutem
1078 429 1104 452 in
1122 429 1272 454 Domino.—

208 460 334 484 Noveritis
362 468 407 484 nos
430 460 578 483 concessisse
598 460 724 483 Wfflelmo
747 461 777 484 de
801 461 925 484 Aleborne
948 469 1029 484 unum
1053 462 1223 492 messuagium
1246 464 1272 486 et

208 493 271 516 duos
288 493 406 523 ferlingos
426 495 499 522 terre,
523 500 580 516 cum
604 493 764 523 pertinenciis
788 493 847 522 suis,
871 494 897 517 in
914 493 1045 523 Aleborne,
1069 502 1146 524 quam
1168 495 1271 525 quidem

207 528 301 549 terram
313 526 439 549 Walterus
452 526 483 549 de
495 525 626 554 Aleborne,
639 527 711 556 pater
726 526 832 556 predicti
844 525 974 556 Willelmi,
986 526 1120 557 aliquando
1139 527 1223 550 tenuit
1240 528 1271 551 ad

207 558 366 582 voluntatem
389 558 593 581 Predecessorum
611 560 756 581 nostrorum
768 566 774 587 ;
800 559 940 582 tenendum
963 561 989 582 et
1012 559 1157 583 habendum
1175 560 1223 583 sibi
1245 562 1272 584 et

207 590 341 614 heredibus
353 591 405 614 suis
421 591 452 614 de
471 590 542 614 nobis
558 593 584 614 et
602 590 791 614 Successoribus
808 591 907 620 nostris,
920 591 1004 621 libere,
1017 592 1109 622 quiete,
1122 591 1230 623 pacifice,
1244 595 1270 616 et

206 624 310 654 integre,
323 623 379 654 jure
390 623 548 652 hereditario,
561 623 749 654 imperpetuum
760 632 765 652 ς
784 624 911 647 reddendo
927 624 986 647 inde
997 624 1129 648 annuatim
1141 625 1268 655 predictus

206 656 347 680 tVillelmus
360 658 386 679 et
397 656 500 679 heredes
512 656 551 679 sui
563 656 634 679 nobis
646 658 672 680 et
682 656 869 680 Sucoessoribus
879 657 971 680 nostris
981 657 1171 687 quatuordecim
1179 658 1270 681 solidos

205 689 237 712 ad
250 689 364 717 Quatuor
375 688 443 711 Anni
455 688 584 712 Terminos
596 688 751 719 principales,
762 689 831 719 equis
843 689 1009 719 porcionibus,
1022 697 1066 720 pro
1078 690 1147 713 omni
1159 690 1269 720 servicio,

206 721 280 745 salvis
298 721 396 744 duabus
415 721 493 745 Sectis
512 721 587 744 Curie
604 723 689 744 nostre
707 721 738 744 de
759 722 903 752 Peynctone
920 730 964 752 per
981 730 1085 750 annum,
1103 722 1219 746 videlicet
1236 723 1268 747 ad

206 754 308 778 Curiam
329 754 415 778 Sancti
432 753 559 777 Michaelis
571 755 598 777 et
613 754 645 777 ad
660 754 684 777 la
700 753 854 785 Hoekeday‚1
866 756 893 778 et
908 754 954 778 hoc
971 754 1114 778 racionabili
1129 755 1268 779 summoni-

204 787 280 810 cione.
316 787 346 810 ln
365 786 438 817 cujus
454 786 489 809 rei
506 786 681 810 testimonium
701 786 760 810 huic
778 787 888 817 presenti
905 787 1004 817 Scripto
1021 787 1132 818 sigillum
1148 790 1264 812 nostrum

203 819 384 850 apposuimus;
407 818 455 842 hiis
475 819 608 842 Testibus:
626 819 740 842 Dominis
758 819 859 842 Andrea
876 820 906 842 de
925 820 1048 848 Treloske,
1068 820 1180 843 Gilberto
1203 821 1267 844 'Filio

204 852 333 883 Stephani,
349 852 443 876 Jacobo
461 851 492 875 de
511 851 617 881 Oxtone,
636 851 767 880 Militibus
782 852 906 875 Willelmo
924 853 955 875 de
972 852 1085 883 Penyles,
1098 853 1223 876 'Willelmo
1238 854 1269 877 de

205 885 351 915 Comptone,
363 886 388 908 et
405 884 466 907 aliis.
502 884 640 913 Predictus,
653 892 718 913 vero,
732 884 865 913 Executor,
879 885 1031 908 desiderium
1047 885 1153 915 predicti
1169 886 1267 909 heredis

203 918 305 948 cupiens
314 917 458 947 adimplere,
468 916 607 947 predictam
616 916 727 940 Literam
739 917 820 940 eidem
830 917 921 947 heredi,
932 918 963 940 de
975 917 1125 941 auctoritate
1139 918 1267 942 Curatoris

203 950 316 981 predicti,
329 950 483 978 admittenti,
496 949 522 972 in
538 951 624 972 nostra
642 949 768 979 presencia
784 949 906 973 liberavit.
943 950 1041 979 Quibus
1053 951 1122 980 actis,
1139 951 1267 981 predictus

202 984 282 1012 heres,
300 983 331 1006 de
348 982 498 1005 auctoritate
516 984 541 1005 et
559 989 681 1005 consensu
704 982 810 1012 predicti
832 982 968 1011 Curatoris,
992 983 1130 1013 predictam
1148 983 1266 1014 Litemm,

202 1023 280 1039 manu
292 1023 337 1039 sua
348 1014 516 1043 cancellatam,
529 1014 601 1037 nobis
613 1017 735 1045 tanquam
747 1022 851 1038 vacuam
864 1015 976 1044 tradidit,
990 1017 1017 1038 et
1028 1017 1121 1039 terram
1133 1016 1163 1039 de
1176 1024 1225 1046 qua
1240 1016 1267 1040 in

203 1049 290 1072 eadem
315 1047 399 1071 Litera
424 1046 456 1070 fit
478 1047 582 1075 mencio,
600 1047 648 1070 sub
672 1049 739 1070 certa
756 1047 837 1071 forma
856 1048 922 1071 inter
938 1055 983 1071 nos
1000 1048 1027 1071 in
1044 1048 1143 1079 scriptis
1160 1049 1267 1078 redacta,

202 1089 217 1105 a
237 1081 308 1104 nobis
326 1080 419 1111 recepit
437 1080 469 1103 ad
487 1079 626 1103 terminum
644 1079 756 1110 quinque
775 1088 899 1103 annorum
918 1080 1110 1111 possidendam;
1130 1081 1217 1111 jurans
1234 1082 1267 1105 ad

202 1114 363 1138 Sacrosancta
386 1112 434 1136 Dei
463 1112 611 1142 Ewangelia,
636 1120 719 1135 coram
742 1112 813 1136 nobis
842 1113 1002 1143 corporaliter
1029 1115 1104 1142 tacta,
1126 1121 1152 1137 se
1180 1116 1267 1138 contra

202 1146 327 1177 premissa,
340 1145 380 1169 vel
397 1152 484 1168 eorum
502 1145 592 1176 aliqua,
605 1145 636 1168 de
651 1147 733 1169 cetero
748 1153 799 1168 non
815 1147 961 1169 venturum.
996 1146 1027 1169 In
1043 1145 1117 1177 cujus
1133 1146 1168 1170 rei
1185 1149 1266 1171 etc.—

202 1180 299 1203 Datum
311 1180 341 1202 ut
353 1185 428 1208 supra
439 1185 444 1207 ;
462 1178 499 1201 44.

101 1220 275 1257 Aleborne,
290 1219 437 1250 William
454 1218 494 1249 de
516 1218 588 1259 (son
605 1217 640 1250 of
662 1218 812 1259 Walter),
828 1229 875 1250 sce
891 1218 1055 1251 Aleborne
1069 1231 1076 1258 3
1098 1220 1149 1251 44.

103 1272 228 1309 Alesco,
243 1271 333 1302 John
349 1270 398 1307 de,
414 1280 461 1302 see
478 1269 653 1307 Cornubia,
670 1270 788 1311 Henry
804 1270 862 1309 de;
887 1272 957 1302 121.

102 1324 221 1365 Aleyn,
237 1322 380 1354 Richard
402 1321 450 1362 (of
474 1321 716 1363 Hatherleigh>‚
732 1333 780 1353 sec
798 1322 953 1361 HalwiH3
981 1323 1030 1353 42.

102 1374 368 1416 Almanssheghe,
384 1373 540 1410 William,
556 1384 575 1404 a
591 1373 794 1415 parishioner
815 1373 850 1405 of
875 1373 1085 1414 Oulmstock3
1111 1374 1175 1406 84¹³.

102 1427 309 1469 Alphington
337 1425 566 1467 [Alfyngtone,
583 1425 720 1466 MS.],—

168 1471 208 1495 Sir
218 1470 329 1500 Stephen
342 1470 373 1493 de
387 1469 513 1498 Brawoda,
527 1469 555 1492 R.
569 1477 574 1498 ς
588 1469 690 1492 Licence
704 1472 729 1492 to
741 1471 789 1500 put
801 1471 846 1493 out
857 1469 896 1493 his
909 1469 1021 1493 Benefice
1035 1472 1060 1494 to
1070 1470 1141 1500 farm,
1155 1470 1193 1494 for
1205 1470 1262 1494 four

199 1511 277 1535 years,
290 1505 317 1526 to
330 1502 431 1531 Robert,
444 1502 530 1525 Abbot
542 1502 568 1525 of
584 1501 718 1525 Tavistock
733 1502 773 1531 (23
787 1502 880 1532 March,
893 1503 1012 1532 1311-12)
1027 1511 1032 1532 ;
1052 1501 1102 1527 69¹³.

101 1544 303 1586 Alfingtone,
319 1542 443 1574 Robert
460 1542 508 1579 de,
524 1551 572 1574 see
588 1542 720 1579 Exeter,
736 1542 783 1575 St.
803 1543 1038 1585 Mary-Major;
1065 1542 1150 1575 11312.

101 1596 189 1633 Alre,
206 1595 324 1637 Henry
350 1595 420 1635 (son
437 1594 472 1626 of
490 1594 631 1634 Walter)
655 1594 715 1632 de;
741 1593 906 1626 Carta:—

167 1639 255 1664 Sciant
266 1641 393 1670 presentes
406 1640 432 1661 et
445 1638 527 1662 futuri
545 1638 613 1668 quod
629 1646 680 1667 nos,
694 1638 827 1671 Walterus,
838 1638 999 1668 permissione
1012 1638 1103 1662 Divina
1114 1639 1262 1663 Exoniensis

200 1672 345 1702 Episcopus,
360 1678 461 1694 assensu
474 1673 500 1694 et
513 1678 634 1694 consensu
647 1671 740 1694 Decani
753 1673 778 1694 et
797 1671 908 1701 Capituli
925 1671 1033 1695 Ecelesie
1045 1674 1129 1695 nostre
1141 1672 1260 1702 predicte,

200 1704 317 1728 dedimus
340 1707 367 1727 et
389 1703 556 1727 concessimus
576 1702 687 1726 Henrico
707 1704 738 1726 de
760 1703 826 1733 Alre,
851 1703 901 1727 filio
924 1704 1028 1727 Walteri
1048 1704 1079 1727 de
1097 1704 1163 1733 Alre,
1184 1712 1262 1728 uuam

199 1745 295 1760 arreum
312 1739 426 1759 nostram
442 1744 490 1766 que
506 1735 572 1766 jacet
586 1735 611 1759 in
628 1736 743 1759 inferiore
757 1738 827 1766 parte
844 1736 883 1759 vie
901 1744 950 1767 que
965 1736 1058 1759 dicitur
1074 1736 1263 1766 Prustestrete‚²

200 1770 266 1793 inter
281 1771 457 1792 tenementum
475 1768 590 1797 Hugonis
607 1769 638 1791 de
653 1768 789 1796 Coleforde,
805 1776 836 1791 ex
852 1771 922 1799 parte
939 1769 1067 1798 Orientali,
1083 1771 1109 1792 et
1125 1769 1191 1793 viam
1211 1777 1260 1801 que

199 1802 271 1825 ducit
289 1809 303 1825 a
321 1802 397 1824 Porta
415 1801 569 1824 Occidentali
584 1808 664 1831 usque
682 1801 714 1824 ad
730 1801 909 1830 Combestrete,
926 1808 957 1824 ex
973 1803 1043 1831 parte
1062 1801 1223 1832 Occidentali,
1236 1804 1262 1826 et

199 1834 266 1858 inter
280 1835 456 1857 tenementum
473 1833 552 1864 ipsius
569 1833 691 1863 Hugonis,
705 1841 735 1856 ex
751 1836 821 1863 parte
837 1833 956 1863 Australi,
971 1836 997 1857 et
1012 1834 1078 1857 viam
1098 1842 1148 1864 que
1167 1835 1261 1858 dicitur

198 1867 376 1896 Prustestrete,
395 1874 425 1889 ex
442 1868 513 1896 parte
531 1865 640 1894 Boria1i;
658 1866 802 1889 habendum
821 1867 846 1889 et
862 1866 1001 1889 tenendum
1017 1868 1098 1890 totam
1121 1867 1259 1897 predictam

197 1907 292 1923 arream
304 1899 385 1922 eidem
393 1898 509 1927 Henrico,
517 1898 651 1922 heredibus
664 1900 690 1922 et
701 1898 830 1929 assignatis
842 1898 900 1928 suis,
911 1898 941 1922 de
953 1898 1024 1922 nobis
1036 1901 1062 1923 et
1072 1899 1260 1924 Successoribus

98 1993 108 2008 1
125 1992 275 2024 Hockeday}
311 1992 449 2016 Hock-tide
464 2000 468 2016 :
497 2000 528 2015 an
562 1992 655 2016 annual
737 1992 782 2016 has
792 1991 919 2016 described
927 1992 971 2015 the
979 1991 1179 2024 Hock-Tuesday
1188 1992 1257 2024 Play,

132 2026 249 2055 Festival,
274 2025 355 2049 which
372 2025 452 2056 began
475 2025 520 2048 the
537 2025 655 2048 fifteenth
737 2025 857 2055 annually
868 2025 940 2048 acted
956 2027 983 2048 at
997 2025 1129 2056 Coventry.
1165 2025 1258 2055 (Halli-

131 2060 180 2090 day
189 2059 253 2082 after
264 2058 358 2082 Easter.
378 2058 469 2088 Money
478 2065 528 2080 was
535 2057 655 2088 formerly
736 2057 805 2081 well's
822 2057 988 2088 Dictimzary).

131 2091 250 2115 collected
279 2093 305 2114 at
336 2090 387 2114 this
420 2090 513 2114 Season
540 2090 580 2113 for
610 2090 654 2113 the
704 2088 714 2103 ‘³
731 2090 837 2114 Preston
854 2090 945 2120 Street,
959 2091 1059 2115 Exeter.

131 2124 223 2156 repairs
233 2123 259 2147 of
270 2123 314 2147 the
327 2123 435 2153 Chmch,
445 2125 491 2147 etc.
526 2122 653 2146 Laneham
