1328 2295
186 175 370 201 GENERAL
396 174 728 200 INDEX—EXETER
754 173 998 200 CATHEDRAL.
1105 163 1173 197 149

117 240 166 263 and
178 239 204 263 of
217 239 261 263 the
274 239 390 270 Chapter,
399 239 493 267 Vicars,
510 239 558 262 and
571 238 698 262 Ministers
710 237 814 266 thereos,
829 240 856 261 to
868 237 899 260 be
910 237 975 266 held,
989 236 1002 261 7
1016 235 1085 259 Dec.1
1097 244 1102 265 3
1121 234 1173 259 81¹³.

19 280 274 311 —Prese‘ntacio
298 290 398 321 super
415 279 618 311 Visitatz'one
633 278 817 316 firmarum
831 277 959 309 Decam:
975 280 1003 308 et
1016 275 1173 318 Capituli

105 323 235 354 Emonie
247 335 300 354 :—

84 375 228 398 Reverendo
241 375 310 398 Patri
328 374 353 398 in
366 374 465 398 Christo
478 382 505 397 ac
518 374 633 403 Domino,
652 373 760 397 Domino
772 372 890 401 Wastero,
903 374 960 401 etc.,
977 372 1016 395 sui
1028 371 1135 395 humiles
1145 375 1171 395 et

116 407 207 436 devoti,
230 408 344 430 Decanus
362 409 388 430 et
401 407 545 437 Capitulum
560 406 667 430 Ecclesie
680 405 835 429 Cathedralis
849 404 1000 433 Exoniensis,
1019 404 1127 427 salutem
1145 407 1171 428 et

115 439 225 463 debitam
243 439 418 468 obedienciam,
441 447 498 462 cum
519 439 587 462 omni
609 438 749 461 reverencia
771 440 797 460 et
819 437 993 460 honore—Ad
1016 437 1169 460 visitandum

116 472 236 495 Ecclesiae
258 472 328 495 nobis
348 471 524 502 appropriatas,
546 471 571 494 in
592 471 684 502 quibus
701 470 907 494 Jurisdiceionem
925 469 1087 500 Spiritualem
1104 469 1169 498 opti-

115 512 211 533 nemus,
224 512 319 527 necnon
332 504 432 527 Clerum
445 506 471 527 et
479 504 603 534 Populum
616 503 758 531 earundem,
768 502 793 525 in
804 502 1014 525 Archidiaconatu
1027 501 1169 531 Exoniensi,

115 544 190 567 quem
219 544 299 567 nuper
327 536 426 559 visitare
454 536 560 566 cepistis,
590 544 633 566 per
657 535 861 559 Commissionem
890 534 1051 557 Paternitatis
1080 536 1168 563 vestre,

115 569 252 592 secundum
272 571 384 592 tenorem
406 569 502 592 Statuti
522 569 598 592 vestri
621 576 695 598 super
718 567 763 590 hoc
787 567 855 595 editi,
881 567 982 590 nomina
1004 567 1168 590 discretorum

114 601 232 631 virorum,
262 601 375 631 Magistri
394 601 492 624 Ricardi
518 601 549 624 de
576 600 700 628 Coletone,
725 603 750 623 et
774 599 875 622 Domini
898 599 993 622 Thome
1016 599 1047 622 de
1070 599 1167 629 Stapel-

115 634 185 662 done,
215 636 241 657 et
269 634 371 657 Domini
399 633 497 656 Ricardi
525 633 556 656 de
585 632 728 663 Brayleghe,
763 631 990 655 Concanonicorum
1019 633 1169 661 nostrorum,

115 666 270 695 nunciamus,
303 668 329 689 et
352 666 501 689 Paternitati
524 668 604 688 vestre
628 667 713 688 tenore
734 664 893 688 Presencium
922 665 1109 694 presentamus;
1135 664 1170 687 ita

116 699 190 728 quod,
203 701 331 728 assumpto
345 706 394 721 uno
407 698 437 721 de
450 698 584 721 nominatis
596 698 662 728 ipsis,
680 700 706 720 et
717 697 764 720 alio
778 696 901 720 Canonico
914 696 1021 719 Ecclesie
1034 698 1115 719 vestre
1127 704 1170 727 per

116 738 158 754 vos
176 731 253 754 electo
270 731 397 761 adjuncto,
418 738 461 760 per
477 731 583 758 eosdem,
602 732 632 753 ut
649 729 811 760 premittitur,
832 729 971 752 secundum
983 728 1061 758 ipsius
1073 729 1171 752 Statuti

115 763 238 791 effectum,
256 763 318 786 fiant
334 763 481 793 hujusmodi
494 763 610 786 Visitacio
628 765 653 785 et
671 762 718 785 alia
736 769 785 792 que
801 760 1026 784 incumbunt—In
1042 760 1115 791 cujus
1127 761 1169 790 rei,

115 796 291 818 ete—Datum
310 795 336 818 in
353 795 469 825 Capitulo
490 798 574 818 nostro
595 794 737 823 Exoniensi,
758 794 793 824 iiij
814 794 898 816 Nonas
914 793 1028 817 Octobris
1049 793 1073 823 [4
1093 794 1169 823 Oet.],

116 827 190 851 Anno
212 828 313 851 Domini
332 827 370 851 ΜΟ
394 827 491 851 CCCm0
512 828 607 850 decimo
630 826 790 850 noua—The
814 825 985 854 Commission,
1009 826 1120 849 directed
1143 828 1170 849 to

116 860 249 883 Precentor
266 860 384 883 Coletone
404 860 453 883 and
474 860 560 883 Canon
578 860 659 883 Adam
678 858 865 889 Murymouthe,
886 858 906 881 is
925 858 1001 881 dated
1019 861 1045 881 at
1064 858 1169 887 Cowick,

117 893 130 915 6
149 892 202 916 Oct.
238 893 290 915 The
303 892 383 923 places
395 895 421 915 to
434 892 464 915 be
476 892 566 915 visited
578 900 641 915 were
653 892 697 914 the
710 891 837 915 Churches
850 891 864 901 ‘¹
873 891 963 914 Sancte
975 890 1084 914 Sativole
1094 891 1107 900 ''
1125 891 1169 921 [St.

116 924 237 954 Sidwell's,
260 925 361 954 EmeterL
388 925 452 948 Clist
481 925 607 948 Hinetone
640 923 702 953 (sic),
737 922 941 953 Stoke[-Cauon],
966 923 1170 952 Brankescombe,

116 957 235 986 Colitone,
247 957 368 985 Sideburi,
380 957 507 980 Salcombe
517 956 632 987 [-Regis],
645 956 808 986 Toppesham,
819 955 872 984 Ide,
883 955 1031 986 Doulysehe,
1040 956 1171 985 Litelham,

117 989 257 1019 Celebroke,
273 990 323 1013 and
335 989 378 1013 the
392 989 485 1020 Chapel
497 990 523 1012 of
536 990 655 1018 Nortone,
673 989 698 1011 in
711 988 755 1012 the
768 988 854 1011 Pari-eh
867 988 892 1011 of
905 988 1061 1011 Newton-St.
1076 988 1152 1019 Cyres
1165 996 1170 1017 3

21 1061 166 1094 Election
181 1062 216 1094 of
232 1063 325 1094 Dean
338 1062 357 1093 :2
381 1062 606 1094 C'ommission
622 1061 766 1093 directed
784 1065 814 1092 150
831 1061 880 1092 tlte
897 1060 1090 1102 Chapter,—

21 1156 30 1171 1
46 1157 86 1181 die
105 1157 207 1181 Veneris
230 1158 255 1181 in
279 1158 386 1181 crastino
407 1158 475 1181 Festi
498 1159 569 1182 Beati

53 1189 172 1219 Nicholai,
182 1190 341 1214 Confessoris.

21 1220 31 1236 ²
46 1222 115 1246 Dean
126 1222 229 1246 Andrew
244 1223 272 1246 de
286 1222 310 1246 K
311 1222 407 1253 ilhenny
419 1224 462 1251 (see
474 1223 526 1246 Vol.
542 1223 569 1252 1.‚

52 1262 112 1285 page
135 1256 191 1284 343)
215 1255 273 1278 died
297 1255 323 1278 in
348 1256 418 1284 1302,
447 1256 496 1278 and
521 1263 569 1278 was

52 1287 185 1310 succeeded
192 1287 218 1311 in
227 1288 317 1311 1302-:3
327 1288 359 1318 by
364 1288 408 1311 the
417 1288 569 1315 Chaucellor,

53 1319 138 1350 Henry
149 1319 178 1343 de
189 1320 308 1349 δοῦπον-εει,
322 1321 377 1343 who
389 1320 447 1343 died
459 1320 485 1343 in
499 1320 568 1348 1307.

53 1352 101 1375 and
123 1360 172 1376 was
195 1353 330 1376 succeeded
359 1353 393 1383 by
418 1352 519 1376 Thomas
541 1352 570 1375 de

53 1383 195 1409 Lecchelade.
231 1385 265 1408 As
282 1385 352 1408 there
369 1385 390 1408 is
406 1393 438 1408 no
457 1385 570 1415 Register

54 1416 79 1439 of
98 1417 189 1447 Bishop
208 1417 303 1447 Bytton
322 1419 417 1446 extant,
436 1418 480 1440 the
499 1420 570 1440 exact

54 1449 123 1472 dates
130 1449 156 1472 of
166 1449 236 1472 these
250 1450 372 1473 Elections
384 1458 424 1472 are
434 1449 568 1473 unknown.

54 1481 105 1504 But
121 1481 164 1505 the
175 1482 302 1511 following
313 1482 460 1512 interesting
474 1483 567 1511 Letter,

54 1513 158 1544 relating
169 1516 195 1537 to
207 1514 250 1537 the
263 1515 376 1538 Election
393 1515 419 1537 of
436 1515 569 1543 Somerset,

53 1545 75 1569 is
85 1547 215 1576 preserved
230 1547 256 1570 in
268 1547 312 1570 the
325 1547 437 1576 Register
449 1547 474 1570 of
492 1547 569 1570 Arch-

54 1578 141 1609 bishop
160 1579 253 1602 Robert
275 1579 306 1602 de
325 1579 496 1610 Winchelesey
516 1579 567 1608 (foL

55 1609 182 1640 288b):-—“
192 1611 277 1635 Priori
310 1611 425 1635 Fratrum
456 1611 570 1635 Preclica-

55 1645 139 1673 torum,
149 1644 213 1674 quod
224 1647 317 1667 moneat
329 1644 440 1667 Priorem
450 1644 569 1667 Emman-

55 1682 100 1699 sem
122 1676 184 1706 quod
206 1684 253 1699 non
276 1676 346 1700 instet
368 1677 432 1700 circa
455 1676 570 1704 Infirma-

55 1708 140 1731 cicmem
153 1708 269 1738 Maqistri
278 1708 381 1732 Hem-ici
393 1709 421 1732 de
437 1709 570 1737 Somersece,

57 1739 142 1769 cleriei,
162 1741 227 1764 electi
246 1741 271 1764 ἰη
288 1741 412 1765 Decanum
431 1741 572 1764 Exoniensis

56 1771 162 1796 Ecclesia

28 1803 42 1815 “
51 1804 179 1833 Robertus,
186 1805 355 1835 [permissione
365 1806 455 1829 Divina
463 1806 570 1829 Cantua-

57 1836 143 1860 riensis
162 1838 375 1868 Archiepiscopus,
394 1837 459 1868 etc.],
482 1838 572 1861 dilecto

59 1869 104 1892 sibi
115 1869 140 1892 in
150 1869 255 1899 Christo,
267 1871 368 1900 Thome,
380 1871 458 1894 Priori
470 1871 570 1893 Provin-

58 1901 111 1924 ciali
130 1902 228 1925 Ordinis
248 1903 364 1926 Fratrum
385 1903 572 1926 Predicutorum

58 1933 84 1956 in
105 1933 200 1965 Anglia,
224 1935 330 1958 salutem
354 1938 379 1958 et
404 1935 523 1958 sincera-m
547 1935 572 1958 in

60 1965 165 1990 Domino
174 1967 383 1991 caritatem—Ex
395 1968 480 1990 debito
494 1967 573 1991 Officii

60 1999 136 2021 nostri
153 2001 268 2023 tenemur
288 2000 424 2023 amicorum
441 2002 467 2023 et
487 2000 572 2023 subdi-

61 2032 143 2054 torum
158 2039 287 2062 procurare
300 2032 417 2062 quietem,
436 2035 465 2055 ut
482 2032 507 2055 in
523 2032 574 2055 suis

61 2063 176 2092 gradibus
196 2067 221 2088 et
237 2065 329 2093 officiis,
350 2064 402 2087 sine
418 2064 532 2088 scandalo
550 2066 575 2087 et

62 2094 219 2119 distraccione
228 2097 346 2127 qualibet,
357 2097 465 2120 Domino
477 2097 576 2120 valeant

62 2126 136 2151 libere
161 2129 274 2153 militare.
320 2129 392 2159 Sane,
421 2132 474 2152 orta
497 2137 576 2160 nuper

655 1158 815 1181 contencione
832 1157 897 1180 inter
910 1157 1039 1181 Decanum
1057 1160 1083 1181 et
1102 1158 1173 1189 Capi-

654 1191 738 1213 tulum
751 1190 898 1213 Exoniensis
909 1190 1016 1213 Eeclesie
1028 1193 1054 1213 et
1064 1190 1175 1214 Priorem

654 1226 680 1246 et
704 1223 802 1246 Fratres
826 1222 926 1246 Ordinis
951 1223 1033 1252 vestri,
1058 1223 1173 1246 Civitatis

654 1255 775 1285 ejusdem,
809 1263 884 1285 super
917 1254 1049 1285 cujusdam
1079 1256 1174 1279 funeris

654 1288 788 1318 sepultura,
799 1287 882 1310 dietus
893 1287 962 1310 Prior
971 1290 1059 1317 vester,
1070 1291 1173 1311 vacante

654 1320 783 1343 Decanatu
799 1320 876 1350 ipsius
889 1319 1004 1349 Ecclesie,
1017 1321 1116 1344 nomine
1129 1328 1174 1344 suo

654 1355 680 1375 et
704 1352 848 1376 Conventus
872 1352 917 1381 sui,
949 1353 1008 1376 fecit
1030 1353 1062 1376 ad
1083 1353 1173 1376 Sedem

655 1385 823 1415 Apostolioam
851 1385 977 1415 appellari,
1011 1393 1042 1408 ne
1076 1385 1173 1408 dietum

655 1417 801 1447 Capitulum
834 1417 865 1440 ad
896 1418 1050 1441 Eleccionem
1080 1418 1173 1441 Decani

655 1450 804 1479 procederet,
834 1449 934 1480 Majoris
968 1451 1172 1473 Excommunica-

654 1482 730 1505 cionis¹
755 1482 919 1511 Sentenciam,
944 1485 973 1506 ut
996 1483 1172 1511 intelleximus,

654 1514 761 1537 obiciens
784 1514 809 1537 in
834 1522 949 1544 personas
972 1515 1119 1544 eligencium
1142 1516 1173 1538 de

656 1547 771 1577 Capitulo
792 1549 935 1577 memorato,
956 1555 983 1571 ae
1004 1556 1032 1570 eo
1055 1550 1172 1578 pretextu

655 1579 810 1602 Eleccionem
823 1582 908 1609 postea
920 1580 1011 1603 factam
1024 1580 1055 1603 de
1067 1580 1173 1603 discreto

656 1612 714 1640 viro,
736 1612 854 1642 Magistro
868 1612 975 1635 Henrico
991 1613 1021 1635 de
1034 1613 1173 1636 Somersete

655 1644 680 1666 in
694 1644 822 1667 Decanum
839 1644 929 1667 nititur
946 1644 1079 1674 infirmare,
1095 1650 1124 1668 ut
1140 1645 1175 1668 sic

657 1676 779 1699 ulcionem
807 1684 850 1706 pro
879 1677 1020 1700 resistencia
1046 1677 1174 1707 sepulture

656 1708 772 1739 predicte,
809 1716 839 1731 ex
875 1712 1037 1740 preeoncepto
1074 1717 1175 1733 rancore

656 1741 740 1770 animi,
757 1744 927 1771 prosequatur,
947 1742 985 1765 vel
1003 1741 1085 1765 saltim
1105 1744 1173 1773 opta-

656 1776 712 1796 tum
725 1781 768 1803 per
779 1774 815 1796 fas
825 1776 850 1796 et
860 1774 928 1797 nefas
940 1774 965 1797 in
978 1774 1045 1797 dicta
1053 1774 1175 1798 discordia

656 1808 828 1836 consequatur.
884 1807 956 1835 Cum,
988 1807 1080 1837 itaque,
1122 1815 1174 1837 pre·

656 1838 731 1861 missa
742 1838 793 1861 sint
805 1846 843 1861 res
859 1839 917 1861 mali
935 1839 1049 1869 exempli,
1070 1847 1114 1869 per
1125 1847 1175 1869 que

657 1870 756 1899 Prelati,
778 1871 871 1899 Clerus,
893 1874 918 1894 et
943 1872 1060 1902 Populus,
1082 1871 1107 1894 in
1131 1871 1179 1895 hiis

657 1903 779 1925 similibus
797 1906 821 1925 et
835 1903 971 1933 majoribus
991 1904 1087 1934 possint
1106 1904 1177 1927 facile

657 1935 686 1958 ad
696 1935 841 1958 scandalum
850 1936 976 1965 provocari
983 1939 1069 1959 contra
1078 1937 1177 1960 Fratres

658 1968 733 1990 vestri
769 1968 869 1991 Ordinis
903 1969 1055 1997 indistincte,
1096 1971 1177 1992 vestre

660 2000 775 2022 Amicieie
788 2000 919 2023 effectuose
932 2001 1084 2024 consulimus
1096 2001 1176 2031 quati-

659 2040 706 2055 nus
719 2032 865 2062 hujusmodi
882 2033 990 2056 scandali
1006 2033 1135 2056 materiam
1152 2036 1179 2056 et

660 2064 775 2093 radicem,
790 2072 846 2087 cum
859 2065 927 2088 omni
936 2065 1069 2094 celeritate,
1082 2066 1178 2088 faciatis

661 2097 752 2127 precidi
766 2105 770 2125 ;
804 2097 932 2127 presertim
962 2105 1019 2120 cum
1050 2098 1075 2120 in
1097 2105 1177 2128 prose-

661 2129 760 2159 quendo
777 2129 818 2159 jus
830 2132 942 2153 vestrum
960 2138 1035 2160 super
1050 2130 1180 2160 sepultura
