1328 2295
88 142 160 179 362

293 153 371 179 THE.
389 153 572 179 REGISTER
591 152 639 179 OF
657 153 796 179 BlSHOP
814 153 1044 179 STAPELDON.

179 230 209 252 ad
221 229 289 252 Pacis
307 230 404 253 semitas
415 229 564 259 exequendas
575 229 666 252 fuimus
677 230 799 258 destinati,
808 231 857 252 tam
870 236 976 252 enormes
988 230 1086 258 injurias
1097 228 1248 251 dissimulare

180 260 281 282 ulterius
297 267 451 289 nequeamus,
472 267 526 282 cum
541 259 591 288 jam
612 259 711 288 probosa
732 260 892 288 predictorum
914 261 970 282 vota
986 259 1158 286 discriminum,
1178 258 1248 286 longe

179 289 275 319 lateque
296 289 384 312 diffusa
401 296 444 318 per
460 289 573 318 Populos,
594 289 624 311 ad
642 290 692 311 tam
713 289 848 318 contagiose
865 289 1041 318 pei-severitatis
1059 288 1196 317 exemplum
1214 287 1248 309 in-

179 319 290 348 iquorum
297 319 389 341 animos
396 319 574 347 concitaverint,
583 320 607 341 et
614 325 642 340 ne
650 318 751 340 nimium
760 319 922 341 misericordes
930 319 1010 346 fuisse,
1020 320 1063 341 aut
1069 318 1152 347 pocius
1159 316 1249 340 involvi

179 348 323 378 negligencia
339 349 430 378 laqueis
444 348 587 377 judicemur,
609 355 663 370 cum
680 355 753 377 supra
770 348 878 371 debitum
897 348 973 377 ipsius
990 348 1089 371 Roberti
1105 353 1250 376 suorumque

181 378 324 407 complicum
346 380 370 401 et
390 378 511 400 fautorum
533 378 657 400 emendam
678 379 888 407 expectaverimus,
912 385 988 407 neque
1010 377 1122 400 redierint
1143 377 1173 399 ad
1201 383 1248 404 cor,

180 408 333 437 prepediente
344 408 444 430 humaui
461 407 552 436 generis
570 407 672 435 inimico2
687 408 782 436 sintque
800 408 867 435 tales,
881 410 910 430 ut
921 408 1023 435 videtur,
1036 408 1078 436 qui
1089 407 1164 436 perire
1175 406 1250 434 magis

181 439 300 466 appetunt
310 444 381 466 quam
393 444 481 466 parere,
500 437 605 459 volentes
616 437 699 466 pocius
716 443 729 459 a
740 438 905 459 funccionibus
916 438 1020 466 separari
1032 437 1162 459 Dominicis
1179 442 1252 464 quam

92 466 210 489 fol.136bin
226 467 275 489 suis
287 467 414 489 obstinatis
425 467 569 489 facinoribus
580 467 688 495 superari
700 473 705 494 ;
722 467 866 489 confidentes
877 467 902 489 in
914 467 1016 489 Domino
1034 466 1098 496 quod
1119 466 1252 488 menciatur

181 496 279 519 tandem
291 497 349 525 ipsis
365 496 489 526 iniqnitas,
507 498 539 524 et,
555 496 644 525 quihus
661 496 775 518 hactenus
783 496 885 519 abstulit
892 496 1030 519 execrabilis
1047 496 1161 525 inpericia
1177 494 1251 517 rebel-

182 526 272 548 lionum
281 526 511 554 consilium,tribuat
518 526 652 548 vexacionis
660 526 785 548 austeritas
792 526 1017 554 intellectnm,eumj
1021 527 1102 548 ustum
1109 526 1141 547 sit
1148 526 1175 547 ut
1180 524 1252 547 iidem

182 558 206 578 et
217 556 259 585 qui
270 556 295 578 in
306 556 408 578 circuitu
418 562 499 578 eorum
512 557 567 578 sunt
575 556 735 584 experimento
743 556 849 578 senciant
860 563 932 585 quam
940 556 1071 585 periculose
1079 555 1202 584 desipiunt
1210 554 1249 583 qui

183 585 303 608 Mandatis
327 585 473 614 Apostolicis
490 585 644 612 reluctantur,
664 587 687 607 et
708 585 882 608 considerantes
901 586 1018 608 attencius
1037 585 1101 614 quod
1118 585 1252 607 inmensum

182 615 308 638 extollitur
326 615 446 644 impunita
462 615 593 643 temeritas,
611 617 635 637 ct
651 615 749 637 licencia
765 622 812 644 que
824 615 886 644 juris
900 616 993 638 racione
1009 622 1057 637 non
1072 615 1166 643 cogitur
1179 613 1252 642 justis

183 651 276 674 semper
292 645 428 667 racionibus
449 644 601 673 obluctatur3
626 645 780 674 volentesque
801 645 920 673 preteritis
942 645 1065 674 providere
1086 644 1205 673 periculis,
1228 644 1253 665 et

182 674 272 696 futuris
298 674 386 703 quibus
411 675 544 703 poterimus
569 674 680 696 remediis
706 674 809 702 obviare,
835 675 959 703 presertim
985 681 1039 696 cum
1066 675 1096 696 ad
1122 680 1164 696 nos
1190 674 1254 695 fama

182 703 342 732 plurimorum
363 704 464 733 pertulit
476 704 577 726 eundem
589 704 721 726 Robei‘tum
732 706 755 726 et
772 705 823 733 ejus
834 711 953 733 sequaces,
966 704 1101 733 complices,
1114 705 1138 726 et
1148 703 1253 725 fautores

183 734 267 756 Castra
287 734 369 763 aliqua
391 734 497 763 ipsorum
520 734 589 762 Regis
610 735 634 756 et
656 734 730 763 Regni
752 734 836 763 Anglie
859 734 986 762 obsedisse,
1010 741 1036 756 ac
1058 740 1114 756 suos
1134 732 1253 762 paravisse

183 763 315 786 excercitus
331 764 361 786 ad
377 763 546 791 invadendum,
560 763 727 791 obsidendum,
740 766 764 785 et
780 764 945 793 occupandum
961 764 1052 792 Castra,
1065 765 1148 791 terras,
1161 764 1185 785 et
1198 762 1254 791 jura

183 792 281 815 Domini
298 793 369 822 Regis
385 794 409 816 et
425 793 556 815 incolarum
574 793 648 822 Regni
665 793 750 822 Anglie
765 793 934 822 predictorum,
951 794 1049 822 propter
1062 800 1108 822 que
1120 792 1187 815 Pacis
1201 798 1252 820 pro-

184 823 277 845 secucio
295 823 383 845 nedum
401 823 543 851 retardatur,
562 823 634 844 immo
652 824 676 845 et
697 823 780 851 pocius
799 823 905 845 totaliter
923 822 1254 852 impeditur,—premissaque

184 853 241 874 sunt
253 852 311 875 adeo
322 853 415 875 notoria
426 854 449 874 et
456 852 552 881 publica
564 852 628 881 quod
637 852 703 874 nulla
712 854 813 881 possunt
820 853 1015 881 tergiversacionc
1026 851 1254 881 celat—predictas

183 882 291 910 injurias,
316 882 369 904 Sedi
388 882 526 911 Apostolice
543 883 567 904 et
578 882 646 904 nobis
665 882 757 909 allatas,
777 882 867 904 inultas
877 883 978 904 transire
998 882 1136 911 permittere
1157 881 1254 903 mininie

184 911 313 934 debeamus
324 919 329 937 ;
342 912 409 934 vobis
417 914 441 934 et
451 912 665 934 cuilibetvestrum
677 912 701 934 in
712 912 824 940 solidum,
834 912 863 934 ad
875 912 939 941 quod
949 912 1084 934 faciendum
1095 913 1119 934 et
1130 911 1255 933 efficaciter

184 941 350 970 exequendum
362 941 422 963 alter
433 943 538 963 vestrum
550 941 650 963 alterum
662 948 710 963 non
721 943 839 970 expectet,
848 949 891 964 nec
902 942 962 964 alter
973 948 1015 970 pro
1027 942 1101 964 altero
1113 948 1137 963 se
1148 942 1252 968 excuset,

184 972 221 993 set
232 971 262 993 ad
278 977 349 1000 quem
363 971 441 1000 primo
456 973 575 999 presentes
588 971 665 993 Litere
680 972 838 1000 pervenerint,
851 971 877 993 id
887 972 999 1000 primitus
1010 971 1142 994 studiosius
1153 977 1254 999 exequa-

184 1001 232 1028 tur,
247 1001 272 1022 in
286 1001 376 1023 virtute
392 1002 473 1023 sancte
486 1000 628 1023 Obediencie
644 1002 668 1023 et
683 1001 728 1023 sub
739 1001 806 1030 penis
818 1001 974 1030 infrascriptis
986 1001 1094 1024 districte
1104 999 1255 1029 precipiendo

185 1030 326 1052 mandamus
338 1031 452 1059 quatinus
471 1032 628 1052 memoratum
641 1030 780 1058 Robertum,
793 1031 934 1053 nominatim
945 1032 969 1053 et
985 1030 1125 1060 specialiter,
1139 1032 1163 1052 et
1175 1036 1255 1052 omnes

186 1061 210 1082 et
227 1060 332 1089 singulos
348 1060 461 1088 fautores,
475 1060 609 1089 complices,
624 1060 752 1088 adjutores,
765 1060 884 1088 valitores,
903 1061 1055 1089 consiliarios,
1068 1061 1093 1082 et
1108 1066 1220 1089 sequaces
1233 1060 1257 1082 et

186 1089 326 1112 adherentes
339 1090 416 1112 eidem
433 1090 458 1112 iu
474 1089 516 1111 hac
529 1091 595 1118 parte
616 1090 762 1118 generaliter,
777 1090 801 1112 in
813 1090 931 1118 Ecclesiis,
944 1090 957 1112 d
963 1097 1001 1112 uin
1016 1090 1143 1112 Missarum
1154 1089 1254 1111 celebra-

187 1119 278 1141 buntur
288 1119 427 1148 solempnia,
437 1121 461 1141 et
473 1119 550 1141 Curiis
562 1120 647 1142 vestris
658 1120 716 1142 dum
728 1120 816 1142 ibidem
828 1120 959 1142 Causarum
967 1120 1082 1148 strepitus
1091 1119 1254 1148 agitabuntur,

188 1149 337 1171 sermonibus
360 1151 384 1171 et
413 1149 636 1177 congregat-ionibus
663 1149 767 1178 publicis
795 1150 882 1178 quibus
904 1150 971 1171 vobis
994 1149 1114 1171 videbitur
1133 1148 1255 1176 faciendis,

188 1178 278 1230 populo
291 1179 317 1200 in
333 1179 421 1201 eisdem
436 1180 528 1201 astante
545 1178 617 1206 fideli,
630 1179 709 1208 palam
725 1182 749 1201 et
759 1179 861 1208 publice,
875 1179 974 1208 singulis
986 1179 1075 1201 Diebus
1088 1178 1218 1201 Dominicis
1233 1180 1257 1200 et

208 1208 296 1236 estivis,
311 1209 423 1230 extinctis
434 1208 546 1235 candelis,
560 1209 680 1237 campanis
699 1209 808 1237 pulsatis,
826 1216 886 1238 quos
897 1216 940 1231 nos
951 1208 1120 1231 nichilominus
1131 1208 1258 1230 denuncia-

188 1244 250 1266 mus,
263 1239 344 1260 tenore
356 1238 506 1260 Presencium
516 1239 656 1266 Literarum,
666 1239 757 1260 tamdiu
769 1239 986 1261 excommunicatos
997 1238 1152 1266 denuncietis,
1166 1238 1254 1266 vitetis,

189 1269 213 1290 et
235 1268 373 1290 denunciari
394 1269 417 1290 et
438 1268 509 1290 vitari
526 1275 540 1290 a
558 1269 643 1290 vestris
665 1268 770 1290 subditis
789 1269 866 1291 arcius
888 1268 988 1297 faciatis,
1007 1268 1081 1290 donec
1100 1268 1129 1290 de
1145 1267 1258 1296 predictis

190 1297 368 1325 inobedienciis,
396 1297 574 1325 rebellionibus,
607 1298 749 1326 excessibus,
786 1298 956 1326 invasionibus,
990 1297 1201 1327 congressionibus,
1234 1298 1258 1319 et

191 1327 399 1355 occupacionibus,
420 1327 607 1349 satisfaccionem
634 1328 792 1356 impenderint
814 1330 987 1356 competentem
1009 1330 1033 1349 et
1053 1327 1173 1349 Mandatis
1195 1327 1258 1356 Apo-

190 1356 280 1379 stolicis
296 1358 419 1385 paruerint
433 1357 564 1384 humiliter,
583 1359 608 1379 ut
620 1360 738 1385 tenentur,
752 1364 777 1379 ac
794 1365 807 1379 a
824 1358 935 1386 predictis
947 1357 1078 1379 sentenciis
1089 1356 1256 1379 Absolucionis

192 1386 331 1408 heneficium
361 1387 490 1409 meruerint
512 1387 639 1415 optinere:
666 1387 749 1409 scituri
769 1388 834 1416 quod
855 1388 883 1409 ad
906 1394 978 1416 penas
999 1387 1057 1409 alias
1078 1386 1215 1415 spirituales
1236 1387 1260 1408 et

189 1416 333 1444 temporales
345 1418 427 1438 contra
438 1416 528 1438 dictum
542 1416 673 1438 Robertum
684 1418 708 1439 et
719 1417 743 1438 in
762 1417 807 1438 hac
819 1421 886 1446 parte
898 1417 1038 1439 adherentes
1049 1416 1134 1444 eidem,
1149 1416 1169 1438 si
1181 1416 1205 1438 in
1216 1422 1259 1438 sua

193 1445 288 1468 diucius
304 1446 435 1474 pertinacia
453 1446 641 1474 perduraverint,
664 1447 726 1468 sicut
744 1446 812 1469 nobis
834 1447 945 1475 expedire
965 1446 1087 1468 videbitur
1107 1446 1261 1475 ipsorumque

194 1475 298 1504 requiret
311 1475 461 1497 contumacia
475 1477 499 1497 et
515 1475 625 1498 suadebit
638 1476 744 1504 justicia,
762 1476 1000 1505 procedemuswUt,
1019 1476 1099 1504 igitur,
1123 1475 1262 1504 hujusmodi

192 1505 269 1527 nostri
287 1505 413 1527 Processus
431 1505 462 1527 ad
480 1512 629 1527 communem
647 1506 753 1528 omnium
773 1506 884 1528 noticiam
906 1506 1055 1528 deducantur
1071 1505 1131 1534 [ancl
1146 1513 1171 1528 so
1185 1505 1259 1533 forth,

193 1534 315 1563 verbatim,
337 1536 359 1557 to
380 1535 418 1557 the
438 1535 484 1557 end
505 1535 535 1562 of
551 1535 588 1557 tlze
611 1536 748 1563 Document,
771 1543 798 1557 as
827 1543 857 1558 οη
874 1543 938 1565 passe
958 1536 999 1558 361
1023 1536 1072 1557 line
1093 1535 1261 1564 22].--Datum

195 1564 380 1593 Notynghamie,
400 1564 554 1587 Eboracensis
572 1565 686 1593 Diocesis,
705 1565 743 1587 die
760 1565 852 1588 decima
868 1572 930 1588 nona
948 1565 1035 1587 mensis
1056 1565 1169 1594 Augusti,
1192 1565 1261 1586 Anno

194 1593 291 1616 Domini
308 1594 353 1616 310.
373 1594 469 1617 coemo.
488 1595 566 1623 xviij0‚
586 1595 742 1617 Pontificatus
764 1595 865 1623 predicti
886 1595 1035 1618 Sanctissimi
1056 1595 1141 1623 Patris,
1164 1594 1261 1617 Domini

194 1623 210 1646 ,J
213 1623 320 1651 ohannis,
334 1623 420 1646 Divina
432 1624 586 1646 Providencia
597 1624 659 1653 Papc
671 1623 766 1647 XXIIdi
778 1626 847 1647 Anno
859 1625 975 1648 Secundo.

166 1653 321 1677 Miseracione
349 1653 437 1676 Divina
458 1654 610 1681 Gaucelinus,
633 1656 687 1682 etc.‚
711 1656 737 1677 ut
767 1662 842 1683 supra
865 1655 890 1677 isi
912 1655 996 1677 Primo
1017 1654 1263 1677 P1·ocessu.—Literas

196 1683 354 1711 Apostolicas,
371 1690 427 1705 vera
441 1683 508 1705 bulla
525 1684 638 1712 plumbea
654 1685 677 1706 et
695 1684 734 1706 filo
751 1685 854 1713 canapis,
868 1691 931 1706 more
943 1685 1048 1706 Romane
1059 1684 1136 1712 Cui-ie,
1149 1683 1262 1712 bullatas,

196 1713 312 1741 patentes,
329 1713 432 1741 integras
449 1713 508 1742 [etc.,
529 1715 553 1735 ut
569 1713 662 1742 supra]
681 1714 825 1742 recepimus;
842 1721 945 1743 quarum
960 1716 1029 1736 tenor
1046 1714 1155 1743 sequitur
1175 1713 1200 1736 in
1220 1713 1263 1736 hec

197 1742 270 1764 verba
281 1742 448 1771 :kJohanueffi
466 1743 606 1771 Episcopus,
620 1745 663 1765 etc.
683 1743 719 1772 [ιιί
735 1744 851 1773 5·ιι]]ιίι],ἡ
862 1744 988 1766 Personam
1004 1743 1118 1766 carissimi
1134 1744 1159 1765 in
1170 1743 1264 1766 Christo

198 1771 253 1794 Filii
274 1772 358 1800 nostri,
377 1772 494 1800 Edwardi,
514 1773 583 1801 Regis
606 1773 690 1802 Anglie
713 1773 824 1801 Illustris,
848 1774 947 1802 ejusque
969 1774 1075 1802 Regnum
1097 1773 1214 1801 inclitum,
1237 1779 1264 1795 ea

198 1801 333 1824 dileccionis
342 1802 477 1824 sinceritate
487 1802 659 1831 prosequimur,
670 1804 706 1831 ut,
719 1810 789 1825 suum
801 1803 906 1832 dictique
916 1803 991 1832 Regni
1003 1804 1093 1825 statum
1105 1810 1118 1825 a
1128 1809 1266 1832 guerrarum

110 1833 146 1853 foi.
159 1831 317 1853 137.fluctious
337 1831 439 1854 liberum
463 1834 487 1854 et
503 1839 516 1853 a
531 1832 708 1854 discriminibus
723 1833 870 1855 turbacionis
885 1833 1006 1855 inmunem
1021 1833 1126 1862 paternis
1146 1832 1268 1855 desideriis

199 1860 344 1889 affectantes,
367 1861 397 1883 ad
423 1862 598 1890 procurandoru
626 1862 827 1891 tranquillitatem
854 1864 878 1885 et
907 1863 1012 1892 quietem
1033 1862 1098 1884 illius
1119 1863 1264 1891 oportunum

200 1890 339 1918 Apostolice
350 1890 416 1913 Sedis
428 1891 540 1919 favorem,
549 1893 668 1920 qnantum
679 1898 733 1914 cum
742 1892 791 1914 Deo
802 1899 937 1921 possumus,
950 1892 1080 1914 liberaliter
1090 1891 1263 1921 impendamus

200 1920 314 1948 quatinus
326 1920 376 1942 Rex
394 1920 452 1949 ipse,
471 1921 598 1943 securitate
615 1921 661 1943 sibi
680 1922 710 1943 ab
732 1921 823 1944 insidiis
845 1922 978 1944 emulorum
994 1922 1095 1950 indulta,
1119 1921 1266 1944 utilitatibus

199 1949 303 1978 propriis
313 1949 412 1972 liberius
423 1951 499 1979 possit
510 1951 639 1978 intendere,
652 1958 724 1980 seque
735 1951 765 1973 ad
776 1952 946 1974 assumendum
956 1951 1080 1980 negocium
1091 1951 1161 1973 Terre
1172 1951 1264 1979 Sancte,

199 1979 286 2001 nostris
307 1979 435 2008 precordiis
456 1987 503 2002 non
525 1980 674 2002 mediocriter
695 1981 807 2009 insidens,
830 1981 861 2003 ad
887 1981 1011 2010 quod-ut
1037 1981 1267 2003 asserit—ferventer

200 2008 280 2031 anelat
295 2008 354 2037 (sic),
368 2009 473 2031 habilius
489 2009 566 2032 valeat
583 2017 715 2039 preparare,
729 2012 868 2040 cunctaque,
881 2012 943 2033 sicut
955 2010 1108 2040 displicenter
1123 2010 1265 2038 andivimus,

200 2039 307 2066 ipsorum
329 2039 399 2065 Regis
419 2040 443 2061 et
464 2039 538 2067 Regni
561 2046 608 2068 pax
631 2042 653 2062 et
676 2040 780 2069 optanda
802 2041 964 2069 tranquillitas
985 2040 1073 2062 nedum
1094 2041 1126 2063 sit
1146 2039 1267 2062 forinsecis

199 2074 337 2096 guerrarum
348 2068 487 2090 turbinibus
504 2069 649 2097 perturbata,
664 2072 700 2092 set
716 2075 739 2092 et
755 2070 874 2092 intestinis
891 2070 1022 2099 periculose
1037 2070 1139 2092 lacerata
1150 2069 1265 2098 scissuris,

199 2097 258 2119 dum
273 2097 384 2120 nonnulli
400 2098 523 2126 Magnates
540 2100 563 2121 et
582 2099 681 2121 Nobiles
697 2099 756 2122 dicti
774 2100 856 2129 Regni,
877 2101 957 2129 spreto
972 2099 1106 2122 Fidelitatis
1126 2099 1216 2128 debito,
1235 2098 1265 2121 ab

200 2127 277 2156 ipsius
294 2127 364 2156 Regis
380 2127 517 2151 obediencia
533 2135 557 2151 sc
569 2128 713 2158 subducunt,
727 2130 751 2153 et
766 2130 816 2152 tam
827 2130 864 2152 illi
874 2136 946 2160 quam
957 2129 999 2153 alii
1009 2129 1034 2152 in
1044 2129 1124 2159 ipsum
1136 2129 1231 2159 Regem,
1243 2129 1268 2151 et
