1328 2295
437 137 618 163 GENERAL
644 139 780 166 INDEX.
1118 137 1188 170 403

120 212 217 235 consilio
229 214 252 235 et
263 220 359 236 assensu
370 215 476 236 unanimi
488 215 606 238 dictorum
615 216 702 238 Decaui
714 218 738 239 et
747 217 860 246 Capituli,
871 219 1001 242 statuimus
1013 221 1036 242 et
1048 220 1187 244 ordinamus

120 242 145 263 in
162 243 269 271 predicta
285 243 390 265 Ecclesia
407 244 436 266 de
455 245 634 273 Wliitcliurche,
653 247 771 274 quatenus
790 247 813 268 in
833 249 937 276 presenti
956 249 985 271 de
999 250 1053 278 jure
1070 250 1185 279 valemus,

120 271 255 294 Cantariam
272 273 412 301 Perpetuam
430 276 534 302 quatuor
550 275 707 303 sacerdotum,
721 277 770 304 qui,
784 277 880 299 cedente
897 278 933 299 vel
950 278 1077 302 decedente
1093 281 1186 309 prefato

120 301 218 324 Rectore
236 319 240 324 .
261 319 265 324 .
285 319 290 324 .
309 302 422 325 Divinum
440 303 586 332 Obsequium
603 306 745 327 nocturnum
766 307 789 328 et
805 306 916 329 diurmnn
934 308 1005 330 modo
1020 309 1061 337 qui
1078 310 1187 338 sequitur

120 331 238 353 exsolvere
250 334 365 360 perpetuo
377 334 516 359 teneantur;
534 335 568 361 ut,
580 334 697 362 videlicet,
711 337 766 363 post
778 336 855 358 Horas
867 336 995 360 Canonicas
1013 341 1036 360 et
1048 339 1145 361 Missam
1158 340 1187 362 de

120 360 165 388 die,
185 368 244 389 quas
261 361 291 383 ab
308 362 418 384 omnibns
437 363 600 385 sacerdotibus
618 364 642 385 in
660 365 712 392 ipsa
731 365 835 387 Ecclesia
851 366 914 388 horis
932 369 1122 396 competentibus
1140 369 1187 391 dici

119 390 271 419 precipimus,
284 391 382 419 plenum
395 391 526 416 Servicium
543 394 592 415 tam
610 400 653 421 pro
671 394 731 416 vivis
748 401 818 423 quam
830 395 956 424 defunctis,
972 397 1075 426 Placebo,
1089 398 1185 427 seilicet,

121 419 211 448 Diri'ffl‘,
231 422 254 442 et
266 420 484 449 Commemlacione,
498 424 521 443 et
540 424 587 444 tres
600 423 685 445 Missas
704 431 746 452 pro
764 425 872 453 mortuis,
886 426 922 447 vel
940 426 970 448 ad
988 427 1066 449 minus
1083 427 1150 456 duas,
1164 430 1188 451 et

119 449 216 471 terciam
232 449 261 471 de
272 450 358 472 Sancta
370 451 452 479 Maria,
466 454 571 474 cessante
588 452 758 481 impedimento
775 454 888 482 legitimo,
902 456 979 478 dicere
993 457 1080 479 cotidie
1092 459 1184 480 tenean-

119 479 160 500 tur
170 485 176 506 ;
193 479 215 500 in
225 479 313 508 quibus
322 480 401 502 Missis
413 482 437 502 et
448 481 500 503 aliis
510 482 646 503 oracionum
657 483 774 511 suffragiis
787 485 954 514 obsequiisque
965 486 1057 508 Divinis
1069 494 1111 515 pro
1124 487 1187 509 felici

92 516 94 518 ’
120 509 185 530 statu
198 508 287 531 Fratris
305 509 410 537 Roberti,
424 510 525 532 Abbatis
542 511 680 539 supradicti,
695 512 848 542 ejusdemque
866 514 921 536 Loci
940 515 1083 543 Conventus,
1097 524 1185 539 necnon

119 538 276 566 prosperitate
294 540 318 561 et
337 546 393 567 pace
405 540 603 562 Excellentissimi
616 541 739 570 Principis,
754 542 849 564 Domini
861 544 943 572 nostri,
957 544 1052 567 Domini
1066 546 1184 574 Edwardi,

120 567 164 588 Dei
182 568 260 596 gracia
278 568 349 597 Regis
369 569 453 597 Anglie
472 569 581 597 illustris,
604 570 704 592 Domine
723 572 830 597 Isabelle,
851 573 945 601 Regino,
965 574 1102 604 salubrique
1121 578 1187 598 statu

119 602 207 624 nostro,
229 597 315 619 Decani
333 600 357 620 et
369 599 474 627 Capituli
492 600 566 621 nostri
580 600 756 628 Exnniensiuin,
772 602 927 625 Dominorum
944 604 1017 626 eciam
1030 605 1141 633 Hngonis
1157 606 1186 628 de

122 626 240 654 Curtenay
258 628 281 649 et
300 627 395 649 Ricardi
412 628 440 650 de
452 629 603 657 Stapeldonc,
618 630 731 658 Militum,
745 631 765 652 si
783 631 851 653 nobis
868 635 911 654 ant
927 633 1088 661 predictorum
1106 635 1185 664 aliquo

119 656 289 684 superstitibus
300 657 432 679 sacerdotes
444 657 583 686 hujusmodi
599 659 623 680 in
634 659 763 687 predictam
777 661 905 684 Ecclesiam
917 663 1071 685 effectualiter
1083 665 1185 686 ordinari

119 685 251 714 contigerit,
272 693 373 715 quorum
392 687 460 709 realis
478 690 501 709 et
520 688 649 710 effectualis
667 689 795 717 ordinacio,
809 691 870 713 sicut
882 693 1041 720 premisimus,
1062 701 1135 722 usqne
1155 695 1186 716 ad

120 714 224 743 predicte
246 715 348 738 Ecclesie
370 717 518 739 vaoacionem
542 719 683 740 (Janonicam
706 719 863 748 dependebit;
882 728 971 743 necnon
993 729 1035 751 pro
1060 724 1184 746 animabus

121 744 234 766 Willelnii
246 746 269 767 et
283 745 361 773 Ysote,
374 748 499 774 parentum
512 747 569 769 dicti
582 748 670 769 Fratris
683 748 779 770 Roberti
791 757 795 776 ;
816 750 910 772 Domini
923 751 1047 780 Ordulphi,
1068 754 1184 782 (joniitis;

120 773 204 802 Abine,
226 774 364 803 Coniitisse;
383 776 442 797 bone
460 777 570 798 memorie
583 777 682 805 Edwyni
702 780 726 800 et
746 779 861 808 anyngi,
875 781 993 809 quondam
1013 782 1185 811 Episcoporuni

120 803 216 832 Exonie,
230 805 316 833 prefati
328 805 466 827 Monastcrii
478 806 506 827 de
519 806 646 828 'ravistoke
658 807 820 836 fundatorum,
835 816 979 839 suorumque
990 812 1166 840 progenitorum
1178 820 1183 841 ;

119 833 308 860 predecessorum
318 836 342 856 et
351 841 511 857 successorum
521 835 638 858 dictorum
650 837 750 859 Abbatis
758 840 782 860 et
790 839 925 861 Conventus
935 847 940 867 ;
953 840 1050 863 ltoberti
1062 841 1091 863 de
1105 842 1185 864 Veteri

119 862 197 890 Terra,
211 863 262 885 Ade
278 864 306 885 de
320 864 474 892 Midddtone,
487 865 604 887 doli-annis
620 866 648 888 de
661 866 778 895 Aislcghe,
791 869 938 897 specialiter;
956 872 979 892 et
990 871 1130 898 generaliter
1141 878 1184 900 pro

120 892 229 914 omuibus
246 893 306 915 vivis
324 893 434 916 fidelibus
453 901 479 916 ac
497 895 622 923 defunctis,
646 901 787 918 memoratos
807 899 939 920 sacerdotes
958 907 984 921 ac
1000 900 1058 922 alios
1077 901 1183 929 ejusdem

120 921 221 944 Ecclesia
238 923 359 945 ministros
377 923 473 946 adorare
486 924 614 946 Dominum
632 927 741 947 nostrum
758 934 811 948 cum
823 929 1014 956 competentibus
1026 931 1182 959 oracionibus,

119 957 161 973 seu
179 951 283 974 collectis
302 959 327 974 ac
344 953 397 975 aliis
415 953 529 975 ordinatis
549 954 636 982 officiis,
655 962 696 983 per
713 955 773 978 hano
788 958 893 979 nostram
905 958 1084 982 Ordinacionein
1098 960 1183 989 imper<

118 982 219 1009 petuum
239 981 365 1004 valituram
383 983 457 1004 teneri
475 983 585 1005 volumus
603 986 627 1006 ct
644 985 741 1013 astringi
761 986 907 1010 mandamus.
943 990 1002 1010 Cum
1019 990 1080 1018 quis.
1093 991 1181 1017 autem,

118 1010 280 1038 predictorum
290 1018 353 1033 nunc
365 1013 522 1040 superstitum
534 1020 576 1041 pro
585 1014 673 1042 quibus
681 1014 793 1037 duximus
804 1017 951 1039 exorandum
963 1018 1101 1041 subtractus
1112 1019 1184 1042 suerit

119 1039 149 1061 ab
168 1039 211 1062 hac
230 1040 289 1068 luce,
310 1041 333 1063 in
353 1042 434 1063 ordine
451 1043 625 1064 recitandornm
643 1045 766 1066 nominum
785 1052 839 1067 euni
858 1053 920 1068 nunc
936 1047 1054 1070 defunctis
1073 1049 1183 1072 volumus

119 1070 247 1098 anteponi3
264 1071 380 1098 pluribus,
400 1073 487 1097 autem,
510 1072 545 1093 vel
564 1073 674 1095 omnibus
693 1075 734 1102 qni
754 1076 813 1096 mori
831 1077 944 1103 poterunt
961 1078 1078 1106 resolutis,
1100 1079 1183 1101 eodem

119 1099 200 1121 ordine
211 1099 340 1122 recitentur
350 1101 457 1123 defuncti
468 1108 516 1130 quo
528 1102 575 1123 vivi
591 1109 699 1131 superins
715 1104 890 1127 describuntur.
925 1106 973 1128 Noc
986 1108 1085 1130 miretur
1096 1108 1183 1137 aliquis

118 1128 191 1156 liujus
202 1130 281 1151 nostre
291 1130 375 1158 pagine
387 1131 498 1152 recitator
509 1131 572 1159 quod
584 1132 690 1154 Fratrem
699 1133 837 1161 Robertum,
849 1135 967 1158 Abbatem
978 1137 1121 1166 predictum,
1134 1140 1184 1160 tam

118 1158 199 1180 vivum
210 1165 282 1187 quam
293 1160 432 1182 defunctum
444 1161 526 1182 ceteris
538 1161 655 1189 omnibus,
670 1162 791 1190 Majestati
803 1164 881 1193 Itegie,
900 1165 1032 1188 Pontificali
1044 1168 1182 1195 reverencie,

119 1188 265 1217 Comitisque
274 1189 445 1217 spectabilitati
454 1191 624 1219 prerogativam
635 1191 729 1214 lionoris
738 1193 873 1216 nullatenus
882 1195 1027 1224 exhibentes,
1038 1197 1061 1218 in
1070 1203 1182 1219 memora-

120 1219 197 1239 torum
219 1218 367 1240 sacerdotum
386 1219 534 1248 aliorumque
556 1221 719 1243 ministrorum
741 1223 889 1245 oracionibus
910 1225 1014 1253 primum
1036 1227 1183 1249 recitacionis

118 1246 196 1269 locum
215 1247 377 1276 disposuimus
395 1249 508 1277 optinere,
528 1257 581 1271 cum
600 1251 699 1278 predicti
718 1251 806 1273 Fratris
827 1253 920 1276 Hoberti
941 1254 1032 1277 labores
1049 1258 1071 1278 et
1090 1257 1182 1284 merita,

118 1277 206 1304 quibus
223 1277 309 1305 prefati
326 1277 464 1300 Monasterii
482 1279 509 1300 de
529 1279 656 1301 'l'avistoke
673 1281 799 1303 facultates
818 1289 864 1304 non
882 1284 1031 1306 mediocriter
1050 1285 1181 1314 ampliavit,

119 1306 207 1334 quique
218 1308 308 1334 pretate
320 1307 422 1329 Ecclesie
437 1308 466 1329 de
478 1308 648 1331 Wliitchurche
660 1310 848 1334 Advocacinncm
864 1319 905 1334 seu
917 1314 958 1340 jus
971 1314 1120 1343 Pati-unatim,
1134 1316 1183 1338 suis

119 1335 280 1358 mediantibus
291 1336 414 1359 laboribus
426 1339 449 1359 et
461 1338 585 1366 industria,
599 1341 626 1361 ut
638 1340 763 1362 ordinacio
777 1341 847 1368 liujus
860 1343 968 1365 Cantarie
980 1344 1045 1366 tieret
1057 1345 1080 1366 in
1092 1345 1181 1373 eadem,

119 1366 212 1387 noviter
230 1366 367 1394 adquisivit,
387 1367 439 1394 sibi,
461 1369 539 1396 quoad
557 1368 600 1390 hoc
618 1369 772 1397 prulacioueni
794 1372 863 1398 digne
882 1373 1005 1400 postulent
1017 1374 1141 1402 indulgeri,
1156 1377 1183 1397 ut

118 1394 214 1417 honoris
226 1395 342 1423 premium
355 1396 441 1418 laboris
453 1397 541 1419 tedium
559 1401 726 1427 recompenset.
760 1402 901 1427 statuimus,
915 1403 996 1430 eciam,
1010 1408 1033 1425 et
1049 1403 1078 1425 de
1094 1404 1183 1432 predic-

119 1425 197 1446 torum
221 1424 308 1447 Decani
330 1427 353 1448 et
375 1426 479 1455 Capituli
501 1427 638 1449 ordinamus
664 1435 760 1451 assensu
782 1431 853 1458 quod,
877 1431 972 1454 cedente
994 1433 1030 1454 vel
1057 1433 1183 1456 decedente

119 1454 224 1482 predicto
237 1454 335 1477 Rectore
352 1472 356 1477 .
377 1472 382 1477 .
401 1473 406 1477 .
426 1456 534 1478 Officium
547 1457 791 1486 Archipresbiteratus
810 1460 841 1482 sit
858 1461 1035 1490 imperpetuum
1050 1463 1074 1484 in
1086 1463 1182 1491 eadeni;

119 1484 160 1511 ita,
174 1483 291 1511 videlicet,
304 1485 367 1513 quod
385 1492 437 1507 cum
455 1486 530 1514 ips-‚ini
544 1487 678 1515 Ecclesiam,
697 1491 721 1510 et
735 1491 821 1511 extunc
839 1492 951 1518 quociens
968 1492 1047 1520 ipsum
1065 1492 1181 1521 Officium,

120 1520 200 1535 vacare
208 1514 340 1542 contigerit,
351 1514 453 1536 Persona
462 1516 590 1543 ydoncaad
602 1516 673 1544 hnjiis
684 1518 929 1546 Archipresbiteratus
937 1521 1045 1543 Otlicium
1055 1529 1183 1551 curamque

119 1545 143 1564 et
163 1543 265 1571 regimen
287 1543 362 1571 ipsius
384 1544 486 1566 Ecclesie
507 1552 595 1573 sueque
616 1546 735 1574 l’arocliie,
756 1549 824 1570 nobis
846 1552 870 1571 et
887 1550 1067 1573 Successoribus
1086 1553 1181 1580 nostris,

119 1572 243 1601 Episcopis
255 1573 351 1601 Exonie,
365 1580 406 1602 per
417 1574 535 1596 Abbatem
548 1577 571 1597 et
583 1576 731 1598 Conventum
744 1578 882 1601 ilion-isterii
893 1580 921 1601 de
933 1580 1060 1603 'I'avistoke
1071 1581 1181 1610 predicti,

121 1603 182 1624 infra
203 1602 275 1624 tinius
299 1609 385 1625 lnenns
412 1604 619 1633 spaciuinjcnjus
648 1608 744 1634 propter
770 1607 862 1630 diutine
888 1611 1019 1632 vacacionis
1046 1611 1183 1633 evitandum

119 1631 262 1659 discrimina,
283 1634 307 1654 et
326 1639 353 1654 ne
372 1633 486 1655 Divinum
507 1634 652 1662 Obsequium
670 1637 852 1665 oracionumque
869 1639 980 1667 suffragia
996 1647 1041 1668 que
1057 1642 1106 1662 tam
1123 1641 1183 1662 vivis

119 1667 190 1690 quam
202 1661 302 1683 mortuis
309 1663 418 1690 superius
426 1663 588 1691 disposuimus
600 1664 713 1693 exhiberi,
723 1666 862 1689 dilacionem
871 1669 972 1697 capiant,
982 1670 1062 1692 taliter
1069 1670 1183 1692 duximus

119 1690 436 1714 moderandmn—Canonice
462 1695 612 1721 presentetur
625 1701 629 1719 ς
654 1694 760 1723 alioquin
787 1699 892 1724 potestas
918 1699 1021 1726 plenarie
1048 1700 1182 1722 conferendi

120 1720 227 1742 Officium
239 1720 484 1749 Archipresbiteratus
504 1722 641 1751 hujusmodi
658 1731 684 1745 ca
700 1725 749 1746 vice
765 1726 840 1753 nobis,
854 1734 895 1749 seu
907 1729 1085 1751 Successor-ibus
1096 1729 1183 1751 nostris

119 1750 160 1779 (1111
170 1756 213 1778 pro
224 1750 331 1778 tempore
342 1751 437 1779 fuerint,
450 1751 605 1779 devolvatur3
623 1760 693 1781 qnam
707 1754 840 1783 Personam,
854 1763 896 1785 per
906 1758 981 1780 dictos
994 1758 1183 1787 Religiosos—ut

119 1779 463 1808 premittituwpresentatam,
477 1781 507 1803 ad
524 1782 603 1810 ipsum
616 1783 731 1810 Otlicinm,
745 1791 835 1806 necnon
847 1793 927 1808 curam
945 1789 968 1810 et
985 1788 1088 1816 regimen
1106 1789 1182 1817 ipsius

119 1808 221 1831 Ecclesie
238 1809 362 1838 tociusque
382 1810 499 1838 parochie,
521 1818 561 1833 seu
581 1811 645 1834 illam
665 1813 703 1834 cni
722 1820 764 1842 per
785 1821 827 1836 nos
849 1822 890 1837 seu
912 1816 1061 1840 Successores
1079 1821 1180 1846 nostrOS,

119 1840 216 1867 propter
222 1839 389 1866 negligenciam
403 1839 520 1862 dictorum
528 1841 700 1869 lleligiosorum
710 1843 745 1864 vel
757 1850 855 1872 persone
866 1848 999 1873 prese-ritate
1010 1847 1128 1870 defectum
1140 1854 1183 1870 seu

118 1867 301 1896 inhabilitatem,
324 1868 462 1897 hujusmodi
484 1870 591 1892 Officium
613 1871 726 1894 collatum
748 1874 826 1901 tuerit,
850 1875 976 1898 admissam
1003 1879 1027 1899 et
1047 1877 1183 1899 institutam

120 1898 235 1919 Canonice
253 1897 277 1919 in
288 1898 368 1920 codem
381 1899 581 1927 Archipresbiteri
592 1901 707 1923 vocabulo
725 1909 751 1924 eo
763 1904 827 1931 quod
843 1904 895 1926 aliis
912 1906 1048 1934 presbiteris
1060 1907 1183 1929 servituris

119 1927 206 1949 ibidem
225 1928 320 1955 preerit,
342 1928 451 1950 volumus
470 1930 493 1950 et
514 1930 657 1957 precipimus
679 1932 801 1954 nominari.
837 1933 991 1963 Hnjusmodi,
1014 1942 1076 1964 vero,
1099 1936 1182 1958 Archi-

119 1957 250 1985 presbitero
266 1956 386 1985 instituto,
400 1958 462 1980 sicut
472 1959 628 1987 premittitur,
642 1962 665 1982 et
678 1961 789 1985 admisso.
803 1964 850 1984 tres
861 1964 1012 1993 presbiteros,
1025 1966 1088 1988 viros
1099 1967 1183 1995 utique

120 1986 231 2014 ydoneos,
245 1992 304 2014 quos
323 1987 413 2015 absque
432 1994 501 2009 causa
518 1989 655 2011 και-1011311111
672 1990 783 2013 nolumus
795 1993 905 2021 amoveri,
918 1994 946 2016 de
958 1995 1033 2023 ipsius
1045 1996 1181 2024 Archipres-

120 2015 190 2037 biteri
199 2015 296 2037 consilio
306 2018 329 2038 et
338 2023 433 2038 assensu
445 2024 450 2041 ;
462 2019 486 2039 et
494 2019 588 2045 extunc,
602 2019 713 2047 quociens
722 2020 787 2042 locus
798 2022 905 2050 ipsorum
916 2024 953 2045 vel
964 2025 1064 2053 alicujus
1076 2026 1183 2054 ipsorum

120 2046 245 2072 vacaverit,
270 2045 394 2067 Personam
416 2046 485 2068 aliam
513 2047 636 2075 ydoneam,
660 2049 727 2071 nobis
749 2057 790 2072 seu
817 2053 996 2076 successoribus
1023 2055 1109 2077 nostris
1126 2072 1131 2078 .
1150 2072 1156 2078 .
1176 2073 1181 2079 .

119 2076 241 2097 memorati
254 2075 367 2103 Religiosi
378 2075 437 2103 Viri,
452 2076 532 2098 Abbas
546 2077 682 2100 Monasterii
694 2079 722 2100 dc
734 2079 860 2103 Turi-stoke
872 2083 925 2109 etc„
940 2083 1001 2105 infra
1012 2085 1083 2106 unius
1095 2085 1182 2107 mensis

119 2105 224 2132 spacium
236 2106 363 2134 postquam
372 2105 434 2127 idem
444 2105 634 2135 Archipresbiter
646 2108 750 2136 primum
762 2109 887 2134 institutus
895 2113 965 2135 suerit
978 2115 1001 2136 et
1012 2114 1129 2137 admissus
1141 2121 1146 2142 3
1158 2117 1182 2137 et
