1328 2295
100 161 170 197 166

302 171 378 198 THE
403 170 593 198 REGls'rER
619 169 663 196 OF
688 169 830 196 BISHOP
857 166 1085 195 sTAPELDON.

192 248 326 277 antedictis,
343 248 405 271 inter
419 255 459 271 eos
476 255 523 270 non
536 247 669 270 invenimus
686 247 728 276 qui
744 253 796 269 eam
813 253 865 269 cun]
889 252 958 268 onere
969 244 1046 267 eidem
1057 241 1216 268 incumbente,
1237 240 1265 262 ut

194 278 351 307 premittitur,
360 278 438 301 voluit
449 279 578 307 acceptare,
590 277 648 306 quin
655 277 738 306 pocius
745 283 797 299 eam
806 276 913 305 ipsorum
923 274 1011 304 singuli
1018 272 1159 296 recusarunt
1170 270 1266 300 penitus

195 310 220 331 et
241 315 364 337 expresse:
392 308 421 330 de
442 309 486 330 tua
506 307 552 329 fide
578 309 602 329 et
628 306 840 335 circumspeccione
866 305 962 334 plenam
982 304 1007 326 in
1028 303 1131 326 Domino
1152 299 1265 323 fiduciam

197 338 342 366 optinentes,
362 337 552 366 Disposicionem
568 336 700 365 predictam
722 343 768 364 que
788 335 819 358 ad
839 335 975 363 Sacristam,
992 334 1064 362 juxta
1085 330 1266 354 ordinacionem

195 367 327 396 predictam
345 367 463 396 pertinere
479 366 583 394 deberet,
603 372 694 388 necnon
710 366 785 394 ipsius
798 365 935 387 Sacristarie
950 364 976 386 in
986 363 1069 386 eadem
1080 360 1192 387 Ecclesia,
1211 365 1266 381 cum

197 404 265 419 onere
274 398 297 419 et
306 396 467 419 emolumento
478 395 672 418 incumbentibus
680 395 765 422 eidem,
774 394 827 423 tibi,
834 398 916 416 tenore
926 392 1084 419 Presencium,
1094 388 1266 413 committimus

196 426 373 455 possidendam,
386 432 510 455 quousque
519 425 585 447 aliud
593 425 616 447 in
624 425 669 447 hac
676 426 743 454 parte
752 424 891 446 duxerimus
899 422 1065 445 ordinandum.
1099 419 1266 445 Advertentes,

196 456 374 484 nichilominus,
394 455 466 484 quod,
490 462 544 477 culn
564 455 674 477 Officium
692 454 805 477 Custodis
822 453 959 475 nullatenus
979 452 1124 481 perpetuum
1142 449 1167 471 in
1184 447 1267 470 eadem

197 485 302 508 Ecclesia
322 485 447 513 habeatur,
464 491 507 507 nec
518 486 576 507 sunt
587 484 713 506 facultates
728 483 870 505 sufficientes
881 489 924 511 pro
935 488 983 504 uno
995 480 1100 503 Custode
1111 486 1154 508 per
1164 485 1189 500 se
1205 477 1268 499 unde

196 515 287 544 poterit
303 515 400 537 comode
417 515 555 542 sustentari,
573 514 685 543 quodque
701 520 744 542 per
760 514 791 540 te,
810 513 866 535 licet
877 511 1018 535 Sacristaria
1028 509 1138 533 Officium
1148 507 1266 534 videatur,

198 552 240 567 nec
252 544 337 567 debeat
348 551 410 566 unus
422 545 446 566 et
457 544 519 566 idem
531 544 555 566 iu
566 543 646 566 eadem
664 543 767 565 Ecclesia
779 543 827 565 duo
844 542 926 564 Officia
937 541 1051 570 optinere,
1071 538 1160 568 poterit
1175 538 1266 559 utrum-

197 581 244 603 que
262 574 403 601 hujusmodi
415 574 533 601 Officium,
550 580 603 595 cum
620 573 721 595 alterum
739 574 766 595 ut
782 572 931 601 premittitur
946 571 1090 599 perpetuum
1105 574 1153 590 non
1168 567 1264 593 existat,

198 604 256 626 satis
270 604 363 626 utiliter
377 604 402 626 in
418 603 500 625 eadem
512 603 617 625 Ecclesia
631 602 740 625 exerceri.
775 602 869 629 iccirco,
890 600 1013 630 premissis
1023 599 1108 621 intime
1119 596 1266 627 ponderatis,

197 634 338 663 hujusmodi
357 633 470 656 Custodis
484 633 600 660 Officium,
619 639 668 654 una
685 639 739 654 cnm
757 631 922 660 Disposicione
936 629 1075 652 Sacristarie
1089 627 1196 657 predicte
1213 632 1268 648 cum

198 670 267 686 onere
283 665 307 686 et
325 663 487 686 emolumento
503 662 704 689 incumbentibus
727 661 772 683 tibi
789 661 834 683 sub
850 660 921 682 modo
937 658 1111 682 committimus
1131 655 1266 682 antedicto3

198 693 233 716 ita
247 693 312 722 quod
326 694 375 715 tam
390 693 415 714 in
430 699 478 714 uno
493 699 565 721 quam
580 692 605 714 in
619 692 665 714 alio
681 691 822 720 hujusmodi
834 690 923 717 Officio,
936 690 960 711 te
977 688 1073 711 interim
1084 687 1166 710 taliter
1180 685 1268 707 habere

198 730 317 752 procures,
331 722 395 751 quod
406 722 431 744 in
443 722 607 751 Disposicione
618 721 689 750 primi
701 723 724 743 et
736 721 759 743 in
772 720 887 742 Custodia
898 718 994 742 secundi
1007 717 1083 740 Officii
1093 715 1203 745 predicti,
1221 720 1268 736 non

198 753 276 775 solum
291 752 441 775 voluntatem
457 751 516 773 dicti
531 751 704 773 Predecessoris
721 750 797 772 nostri
813 750 838 772 in
853 756 880 771 ea
896 750 963 778 parte
974 755 1046 777 quam
1061 746 1192 769 utilitatem
1204 744 1268 766 dicte

198 782 309 810 Ecclesie,
323 789 351 804 ex
363 783 430 811 parte
441 781 523 809 altera,
536 781 614 803 valeas
626 787 740 807 exercere,
759 781 782 802 et
794 778 997 801 contribucionem
1008 777 1106 806 propter
1116 775 1161 798 hoc
1172 774 1268 803 dignam

199 819 213 834 a
233 812 337 834 Domino
363 811 465 840 recipere
487 818 530 839 pro
551 810 763 833 labore—Datum
790 809 855 838 apud
877 809 978 837 Peuryn,
1003 806 1116 829 vicesimo
1136 804 1209 828 tercio
1231 802 1270 825 die

197 841 286 864 mensis
298 841 403 870 Augusti
414 840 491 870 [1315]
503 848 508 868 3
525 840 576 863 109.

230 880 304 902 Carta
316 879 389 908 Bessis
400 879 428 901 <Ze
440 878 626 906 C‘ozrfirmacimze
637 878 786 900 Mallem-nc
797 885 803 899 :
812 889 834 893 -

168 909 307 937 Edwardus,
330 909 373 931 Dei
392 908 470 938 gracia
487 908 538 930 Rex
555 908 647 936 Anglie,
670 909 724 935 etc,
747 907 858 929 omnibus
879 905 910 928 ad
931 911 998 934 quos,
1022 901 1267 928 etc.—Donacionem‚

199 939 388 965 Ooncessionem,
412 939 436 960 et
455 937 674 964 Confirmacionem,
698 944 757 965 quas
775 936 911 958 Willelruus
931 935 960 957 de
982 933 1138 960 Mulleborne,
1163 930 1268 958 clericus,

199 969 255 991 fecit
276 969 327 991 Deo
344 970 368 990 et
386 968 459 990 Beate
478 967 560 994 Marie,
584 967 657 989 Beato
674 966 764 988 Thome
784 966 878 988 Martiri
896 967 920 987 et
938 963 1055 991 Pontifici,
1079 963 1103 984 et
1121 960 1223 984 Vicariis
1244 960 1269 981 111

199 998 304 1021 Ecclesia
323 997 455 1026 Collegiata
475 996 581 1026 ejusdem
602 996 707 1018 Martiris
729 996 758 1018 de
776 995 894 1023 Glasneya
911 995 961 1017 Deo
982 992 1149 1019 servientibus,
1171 990 1201 1012 de
1221 996 1270 1011 uno

200 1028 321 1057 mesuagio
332 1029 357 1049 et
367 1027 471 1056 quadam
486 1033 558 1056 pecca
568 1027 637 1054 terre,
656 1027 765 1055 quartam
782 1027 875 1054 partem
890 1024 962 1046 unius
974 1030 1026 1046 acre
1037 1021 1167 1051 Anglicane
1178 1019 1268 1042 contin-

199 1059 286 1085 entem,
304 1058 329 1079 in
340 1057 442 1085 Peru-yn,
460 1063 488 1078 ex
505 1058 573 1085 parte
585 1056 681 1083 Boriali,
699 1057 723 1078 et
734 1057 898 1078 tenementum
910 1052 1115 1076 Porcionariorum
1126 1049 1230 1073 Ecclesie
1240 1048 1270 1070 de

200 1088 309 1116 Mynstre
327 1086 492 1116 [sslanaccan],
512 1093 542 1108 ex
568 1087 636 1114 parte
655 1085 777 1113 Australi3
802 1084 939 1107 habendum
959 1084 983 1105 ct
1003 1081 1135 1105 tenendum
1154 1078 1269 1109 predictis

199 1117 301 1139 Vieariis
313 1119 337 1139 et
349 1123 431 1139 eorum
442 1115 619 1138 successoribus
635 1115 659 1137 in
670 1115 777 1142 liberam,
795 1121 889 1143 puram,
907 1114 931 1136 ct
941 1113 1082 1142 perpetuam
1098 1109 1252 1133 elemosinam
1263 1114 1269 1135 ;

199 1154 242 1176 pro
268 1146 363 1175 quibus,
392 1146 497 1175 quidem,
525 1145 669 1172 Donacione,
698 1145 861 1172 Concessione,
889 1144 913 1165 et
940 1141 1134 1168 Confirmacione,
1157 1139 1270 1161 tenentur

199 1177 300 1205 predicti
311 1176 401 1198 Vicarii
418 1177 442 1198 et
453 1182 534 1197 eorum
553 1181 698 1197 successores
715 1174 839 1196 annuatim
856 1173 953 1195 reddere
964 1173 1017 1194 octo
1029 1170 1117 1193 solidos
1128 1168 1158 1191 ad
1169 1167 1270 1190 Obitum

199 1206 348 1229 Venerabilis
366 1206 444 1228 Patris
457 1205 563 1232 Walteri,
583 1211 647 1226 nunc
658 1204 797 1226 Exoniensis
809 1203 929 1232 Episcopi,
948 1203 972 1224 et
990 1200 1097 1230 ejusdem
1109 1197 1232 1225 Willelmi,
1244 1197 1270 1219 in

200 1236 305 1258 Ecclesia
315 1235 429 1264 predicta,
442 1237 571 1264 postquam
587 1234 651 1256 idem
663 1234 797 1262 Episcopus
807 1233 837 1255 ab
848 1233 892 1255 hac
904 1232 956 1254 luce
967 1229 1112 1260 migraverit,
1125 1227 1268 1254 faciendum,

200 1266 374 1293 celebrandum,
398 1266 422 1287 et
439 1264 607 1287 sustinendum
625 1263 779 1292 solempniter
798 1262 930 1290 annuatim,
949 1262 1000 1283 tam
1016 1260 1042 1282 111
1060 1258 1163 1282 Servicio
1183 1256 1271 1279 Divino

200 1302 272 1324 quam
293 1295 317 1317 in
340 1294 511 1317 distribucione
532 1294 601 1322 panis
620 1293 650 1315 ad
672 1300 732 1322 opus
753 1299 895 1321 pauperum.
928 1291 959 1313 Et
976 1290 1035 1313 dum
1057 1289 1136 1311 dictus
1153 1286 1271 1310 Dominus

200 1326 321 1354 superstes
337 1324 410 1346 fuerit
422 1325 441 1346 V
446 1324 511 1346 icarii
530 1324 566 1345 illi
582 1323 670 1345 facient
682 1322 803 1344 consimile
815 1321 945 1344 Servicium
956 1322 980 1343 et
991 1318 1195 1344 distribucionem,
1216 1322 1271 1338 cum

202 1355 276 1377 Missa
292 1355 321 1376 (le
332 1354 419 1376 Sancto
431 1354 531 1382 Spiritu,
550 1360 593 1382 pro
605 1352 675 1374 dictis
687 1352 806 1381 Episcopo
817 1353 841 1374 et
852 1350 981 1378 Willelmo,
1001 1349 1048 1371 nisi
1058 1348 1122 1370 idem
1133 1345 1270 1369 Willelmus

200 1384 267 1413 prius
278 1384 308 1406 ab
320 1384 364 1406 hac
375 1384 427 1405 luce
443 1383 515 1405 fuerit
527 1384 665 1404 subtractus
675 1390 680 1409 ;
698 1383 721 1404 et
732 1383 789 1403 tunc
801 1381 826 1403 in
836 1380 944 1410 predicta
955 1379 1029 1402 Missa
1040 1378 1069 1400 de
1080 1377 1168 1400 Sancto
1179 1375 1271 1404 Spiritu

201 1421 244 1442 pro
261 1414 341 1436 anima
357 1413 465 1441 ejusdem
476 1412 591 1435 Willelmi
607 1413 721 1434 memoria
737 1411 855 1433 habeatur
865 1412 890 1432 et·
905 1410 1007 1436 dicatur,
1030 1408 1093 1431 sicut
1103 1413 1146 1436 pro
1157 1405 1271 1428 defuncto

201 1444 336 1471 Sacerdote,
347 1443 451 1466 Collecta
462 1442 675 1471 specialis—ratas
686 1441 801 1463 habentes
811 1442 834 1463 et
842 1441 921 1469 gratas
932 1446 970 1461 eas
978 1445 1021 1467 pro
1031 1437 1101 1460 nobis
1110 1437 1134 1458 et
1143 1434 1271 1458 heredibus

201 1473 298 1501 nostris,
311 1474 427 1502 quantum
440 1473 463 1494 in
474 1472 543 1494 nobis
555 1473 597 1499 est,
617 1471 776 1498 concedimus,
790 1472 813 1493 et
825 1470 999 1496 confirmamus,
1019 1468 1093 1496 prout
1104 1466 1175 1488 Carta
1185 1463 1273 1493 prefati

202 1503 325 1530 Willelrni,
339 1509 411 1531 quam
428 1502 499 1524 iidem
510 1501 600 1524 Vicarii
616 1501 670 1523 iude
681 1501 776 1528 habeut,
790 1498 966 1522 racionabiliter
976 1496 1147 1520 aestatim—In
1160 1494 1228 1523 cujus
1239 1493 1273 1515 rei

201 1533 366 1555 testimonium
387 1532 429 1554 has
449 1532 539 1553 Literas
560 1532 653 1552 nostras
676 1530 726 1552 fieri
743 1530 843 1552 fecimus
855 1527 1077 1551 Patentes.—Tcste
1095 1525 1195 1553 meipso,
1208 1522 1274 1552 apud

204 1563 347 1590 Eboracum,
360 1561 501 1583 duodecimo
513 1561 550 1582 die
562 1560 712 1588 Novembris,
726 1560 795 1581 Anno
808 1559 883 1587 Regni
895 1558 970 1580 nostri
982 1557 1073 1579 decimo
1085 1554 1178 1584 [1316];
1196 1553 1246 1586 nc.

173 1593 195 1616 A
203 1593 270 1621 copy
278 1592 304 1614 of
314 1590 482 1613 Mulleborne's
492 1590 591 1613 Charter
602 1590 702 1617 follows,
711 1589 770 1611 with
781 1595 846 1611 some
855 1587 1004 1615 noteworthy
1012 1586 1156 1612 differenoes,
1169 1583 1275 1610 shewing

202 1622 257 1645 that
274 1622 293 1644 it
309 1628 356 1643 was
372 1622 416 1643 not
437 1627 493 1649 very
514 1619 629 1648 carefully
647 1619 736 1648 quoted
758 1619 782 1641 in
799 1618 840 1641 the
856 1617 933 1645 Royal
950 1617 1056 1640 Chaiter.
1090 1614 1136 1637 His
1156 1613 1208 1636 Gist
1224 1618 1273 1633 was

206 1652 254 1674 “in
264 1651 330 1674 Villa
340 1651 369 1673 de
381 1650 482 1679 Peuryn,
496 1649 606 1672 videlicet
617 1649 677 1671 illud
688 1648 835 1677 mesuagium
847 1649 871 1670 et
882 1647 948 1669 illam
959 1652 1055 1675 peccam
1066 1645 1127 1667 terre
1138 1650 1184 1672 que
1192 1642 1274 1671 jacent

203 1682 264 1704 inter
283 1681 446 1703 tenementum
462 1679 527 1708 qnod
547 1679 595 1701 fuit
612 1678 732 1707 quondam
749 1678 851 1700 Jordani
870 1677 962 1705 Lowys,
984 1676 1013 1698 de
1035 1675 1137 1702 Peuryn,
1157 1679 1186 1695 ex
1206 1672 1274 1700 parte

205 1711 301 1739 Boriali,
320 1712 344 1733 et
354 1711 516 1732 tenementum
530 1709 733 1731 Porcionariorum
747 1707 849 1730 Ecclesie
860 1707 889 1729 de
900 1706 1016 1735 Mynstre,
1036 1711 1065 1726 ex
1076 1704 1144 1733 parte
1155 1700 1271 1728 Australi,

204 1742 228 1763 et
243 1741 306 1763 inter
321 1740 423 1769 planiam
440 1739 549 1768 Magistri
566 1738 667 1760 Walteri
684 1738 712 1760 de
730 1737 862 1765 Bodminia,
881 1735 993 1759 Canonici
1008 1735 1034 1757 in
1049 1733 1156 1762 predicta
1168 1730 1274 1753 Ecclesia

205 1770 382 1798 Glaseneyensi,
406 1776 434 1791 ex
446 1772 513 1798 parte
525 1768 679 1796 Occidentali,
698 1769 721 1790 et
733 1767 812 1790 vicum
824 1766 892 1788 Beati
903 1766 993 1787 Thome
1004 1764 1034 1786 de
1045 1763 1147 1791 Peuryn,
1166 1768 1195 1783 ex
1205 1761 1274 1789 parte

204 1799 345 1822 Orientali.”
376 1799 445 1821 After
461 1799 501 1821 the
515 1798 593 1820 words
612 1798 627 1809 “
636 1798 667 1820 ad
678 1804 739 1826 opus
754 1795 908 1826 pauperu¹11”
925 1795 945 1817 is
957 1792 1154 1817 added—“sicut
1164 1790 1237 1813 moris
1249 1790 1273 1811 et

203 1828 389 1857 consuetudinis,
410 1828 559 1857 temporibus
576 1827 706 1854 retroactis,
728 1827 752 1848 in
769 1826 873 1848 Ecclesia
884 1822 1052 1852 Glaseneyensi
1068 1821 1176 1851 predicta
1192 1819 1274 1842 extitit

202 1866 246 1888 pro
268 1859 343 1881 Obitu
362 1858 434 1880 unius
446 1858 565 1885 Cauonici,
585 1857 627 1886 qui
644 1857 668 1879 in
687 1856 768 1878 eadem
780 1855 885 1877 Ecclesia
896 1854 996 1877 Obitum
1016 1859 1087 1875 suum
1103 1850 1215 1873 habuerit
1231 1855 1274 1871 seu

202 1889 290 1911 habere
305 1888 471 1917 promeruerit,
491 1886 623 1909 secundum
641 1886 706 1915 quod
724 1886 749 1908 in
765 1884 921 1908 Ordinacione
933 1882 1078 1906 Fundatoris
1095 1881 1158 1903 dicte
1170 1878 1273 1902 Ecclesie

203 1918 384 1946 Glaseneyeusis
406 1919 430 1939 et
451 1917 569 1945 Prepositi
594 1918 618 1938 et
639 1915 746 1944 Capituli
771 1915 884 1943 ejusdem,
918 1919 990 1942 super
1014 1912 1060 1934 hoc
1081 1911 1152 1938 facta,
1179 1908 1273 1938 plenius

203 1947 362 1970 contimtum*
394 1947 427 1969 To
439 1946 480 1969 the
492 1946 619 1968 directions
630 1953 655 1967 as
666 1948 692 1967 to
703 1946 744 1967 the
757 1945 855 1966 “Missa
864 1944 876 1953 ”
888 1943 935 1966 and
945 1943 987 1965 the
1007 1942 1023 1953 “
1034 1940 1137 1964 Collecta
1146 1937 1274 1968 specialis’'

204 1978 223 2000 is
235 1978 313 2000 added
327 1978 341 1988 ¹⁶
352 1977 408 2005 quia
417 1977 445 1998 de
455 1983 570 1998 consensu
580 1975 686 2004 Capituli
695 1974 801 2002 ejusdem
811 1973 913 1996 Ecclesie
922 1970 1103 2000 Glaseneyensis
1115 1969 1147 1992 sic
1159 1969 1221 1991 iuter
1230 1973 1274 1989 nos

204 2007 338 2029 convenit.”
370 2006 421 2028 The
432 2006 563 2028 Witnesses
574 2012 634 2027 were
646 2005 683 2027 Sir
694 2004 765 2027 Thos.
780 2003 927 2026 Lerccdekne
939 2002 986 2024 and
997 2001 1034 2024 Sir
1045 2000 1111 2023 John
1122 1999 1151 2021 de
1162 1997 1271 2026 Treiagu,

203 2037 316 2065 Kuights,
342 2036 431 2058 Walter
452 2036 480 2057 de
503 2036 671 2063 Carnsuwyon,
695 2034 755 2056 Wm.
779 2034 943 2061 Daungcrous,
967 2030 1081 2054 Nicholas
1102 2029 1132 2051 de
1153 2029 1270 2054 Pennans,

204 2066 379 2089 Bartholomew
396 2066 485 2093 Hervy,
505 2065 579 2093 Hugh
596 2064 625 2086 dc
641 2064 754 2092 Kerigou,
771 2063 818 2085 and
833 2062 919 2085 others.
954 2061 1005 2084 The
1019 2059 1085 2082 Deed
1101 2065 1148 2081 was
1163 2056 1235 2079 dated
1248 2057 1273 2078 at

206 2097 308 2124 Peuryn,
328 2097 343 2107 ‘⁶
353 2095 390 2117 die
403 2095 487 2117 Martis
499 2095 523 2116 in
536 2095 606 2116 Festo
618 2094 698 2116 Sancti
711 2093 809 2115 Martini
820 2091 987 2115 Consessoris’'
1027 2090 1038 2112 1
1052 2089 1124 2116 Nov„
1137 2086 1212 2115 1315}

173 2125 461 2153 Mandatum.—fflasncy
482 2124 582 2153 [Bishop
604 2123 750 2146 Grandisson
771 2123 815 2145 has
835 2122 931 2144 written
952 2121 977 2143 in
993 2122 1004 2142 t
1023 2127 1035 2142 e
1055 2118 1155 2147 margin,
1178 2116 1273 2145 here,—

210 2160 225 2168 ⁴⁵
235 2156 257 2179 N
260 2157 300 2179 ota
311 2155 339 2178 dc
351 2155 477 2178 amissione
490 2154 556 2177 firme
567 2155 665 2183 propter
678 2159 725 2176 uon
737 2152 882 2176 solucionem
892 2152 917 2174 iu
929 2150 1038 2174 Termino
1048 2148 1114 2179 ''L—
