1328 2295
481 127 656 153 GENERAL
682 128 812 155 INDEX.
1150 119 1219 155 127

156 204 245 228 domus
262 205 337 229 hostii
354 205 440 229 limine
457 205 595 235 reclinaret,
614 206 743 230 oculorum
760 213 864 230 suorum
881 205 974 236 lumen,
993 208 1018 230 et
1035 208 1090 230 toto
1106 209 1218 237 tempore

156 244 201 260 suo
221 240 301 267 antea,
315 238 404 262 habuit
424 239 483 262 satis
502 239 603 262 clarum,
650 239 701 268 Set,
721 247 779 263 cum
800 240 831 262 ab
854 239 907 269 ipsa
929 239 1079 262 (lormieione
1101 240 1216 269 surrexit,

154 268 260 294 firmatis
278 271 355 294 oeulis
371 271 430 299 suis,
448 271 524 295 nichil
545 272 645 295 omnino
658 272 729 301 vidit,
748 280 792 295 nec
805 272 888 295 videre
906 272 989 302 potuit
1006 272 1037 295 ab
1049 272 1109 295 hora
1121 280 1171 302 qua
1182 272 1217 296 sic

154 303 262 326 surrexit
274 311 353 334 usqne
376 304 407 327 ad
420 304 486 327 diem
498 304 602 327 Veneris
619 304 645 327 in
658 305 732 327 Festo
745 304 816 327 Beati
828 305 897 327 Petri
914 304 1033 335 predicto.
1070 305 1215 334 Requisitus

153 342 197 365 per
216 336 313 359 dietum
334 336 484 367 Episcopum
505 337 525 360 si
537 345 604 360 nunc
625 337 707 360 videre
727 337 818 366 potuit,
840 337 904 360 dixit
921 337 989 367 quod
1007 337 1046 360 sic.
1084 337 1124 366 Et,
1144 339 1173 360 ut
1190 337 1215 360 id

154 368 276 397 probaret,
289 369 356 392 idem
377 369 513 399 Episcopus
531 369 640 400 quesivit
660 370 691 392 ab
711 370 799 393 eodem
816 369 842 393 in
863 377 912 400 quo
933 369 1011 399 digito
1029 371 1055 392 et
1072 376 1122 399 qua.
1139 377 1214 393 manu

153 400 250 424 sederet
266 401 357 424 anulus
369 409 445 432 quem
463 402 572 432 portavit
585 410 590 430 ;
608 405 634 425 et
651 402 732 425 multa
749 402 796 425 alia
813 405 839 425 et
851 402 942 425 similia
954 402 1062 432 quesivit
1074 402 1105 425 ab
1119 402 1212 426 eodem.

153 432 193 455 Ad
216 440 264 463 que
287 434 377 463 omnia,
401 437 477 464 prout
499 434 610 464 fuerunt,
634 434 786 458 sufficienter
817 435 983 465 respondebat
1006 434 1093 458 eidem.
1140 434 1213 463 Item,

153 465 288 495 requisitus
311 466 342 489 de
364 467 451 490 vicinis
474 467 526 490 suis
554 467 580 490 iu
604 467 670 490 dicta
693 467 759 490 Villa
782 467 812 490 (le
836 467 994 498 Keynesham
1024 467 1067 497 qui
1096 467 1213 490 noticiam

153 498 329 527 premissorum
339 498 471 528 habebant,
482 499 547 522 dixit
555 500 622 530 quod
633 500 758 523 Walterus
768 500 797 523 de
808 500 965 530 Greneweye,
979 500 994 523 J
997 499 1106 522 ohannes
1117 500 1212 529 Raulfe,

154 529 278 554 Walterus
292 531 433 561 Keteforde,
452 531 579 555 Johannes
592 532 735 561 Keteforde,
755 532 895 555 Willelmus
912 533 935 555 le
945 532 1077 561 Thechere,
1097 532 1177 555 Adam
1190 532 1213 555 le

151 562 283 592 Thechere,
297 566 322 587 et
339 564 415 587 multi
432 564 473 587 alii
488 564 594 588 fuerunt
606 565 679 588 vicini
691 565 737 593 sui,
748 565 791 595 qui
805 573 819 588 a
831 565 942 595 predicta
955 564 1015 588 hora
1027 572 1158 595 quousque
1170 565 1212 588 ab·

152 594 210 618 inde
238 604 323 620 versus
348 597 512 620 Criditoniam
536 597 663 620 recesserit
691 605 777 620 cecum
802 598 925 621 viderunt,
974 597 1047 626 Item,
1077 597 1212 628 requisitus

150 628 258 657 qualiter
279 629 349 652 novit
367 629 405 652 vel
423 629 495 653 scivit
512 630 543 653 de
566 630 618 653 loco
636 630 678 653 illo
692 630 866 659 Criditonensi,
887 630 952 653 dixit
963 630 1038 660 quod,
1060 637 1118 653 cum
1135 630 1212 653 semel

151 660 277 690 dormiret,
299 664 432 692 postquam
453 665 531 690 erant,
552 665 582 685 ut
599 662 762 693 premittitur.
773 663 838 686 oculi
855 663 894 686 sui
911 663 995 691 clausi,
1014 662 1147 685 videbatur
1164 662 1211 686 sibi

149 694 312 723 sompniendo
341 695 409 725 quod
438 695 573 718 Ecclesiam
600 696 690 718 Sancte
714 695 800 719 Crucis
829 695 1010 719 Criditonensis
1038 695 1159 723 visitaret,
1186 699 1212 718 et

151 725 245 749 ibidem
258 727 377 757 reciperet
389 727 471 750 visum
489 735 570 751 suum.
607 728 736 757 Requisita
750 735 812 751 uxor
824 728 933 758 predicta
947 735 1021 758 super
1033 727 1150 750 omnibus
1163 735 1212 758 que

149 765 163 780 a
176 758 271 788 prefato
283 759 379 782 Thema
391 760 581 790 requirebantur
593 760 618 783 in
632 760 677 783 hac
693 763 762 790 parte
775 761 840 783 idem
853 760 914 783 dicit
926 761 949 784 in
964 760 1058 783 virtute
1073 759 1213 790 juramenti

149 791 262 820 predicti,
282 794 384 822 excepta
405 793 497 815 visione
517 801 560 823 per
580 793 730 823 sompnium,
752 801 809 816 eum
830 793 925 817 eodem.
963 793 1106 823 Requisitis,
1126 793 1211 822 eciam,

150 823 237 847 ceteris
256 825 380 854 predictis,
400 825 525 854 dixerunt,
547 825 572 848 in
594 825 687 848 virtute
707 826 844 855 juramenti
869 825 978 856 predicti,
1004 826 1072 856 quod
1095 825 1213 848 viderunt

148 856 274 885 prefatum
287 857 416 886 Thomam,
429 860 562 888 postquam
576 858 644 881 venit
656 859 722 888 apud
736 858 907 887 Criditoniam,
927 866 976 881 nou
989 858 1114 881 valentem
1127 858 1211 881 videre

149 889 257 919 exceptis
275 889 378 918 indiciis,
391 893 429 913 set
447 890 581 913 habentem
594 891 676 913 oeulos
695 898 791 921 semper
807 891 903 914 clausos
919 898 999 921 quum
1012 898 1070 914 eum
1083 890 1209 919 videbant,

148 924 224 950 prout
247 922 326 952 prima
349 923 411 946 facie
434 923 569 953 apparebat
592 923 691 946 eisdem.
743 923 839 952 Quibus
862 923 896 946 sie
919 923 988 953 actis,
1011 923 1122 953 precepit
1144 923 1211 946 idem

149 953 285 984 Episcopus
299 955 428 978 Canonicis
438 958 463 978 et
476 956 577 978 Vicariis
591 958 651 979 tune
664 956 756 979 ibidem
770 956 932 986 presentibus,
952 956 1026 986 quod,
1046 963 1104 979 cum
1122 963 1211 986 magna.

148 985 288 1016 devocione,
309 995 352 1018 per
371 988 558 1018 solempnitates
577 988 681 1016 debitas,
699 989 758 1017 Deo,
779 989 853 1011 Beate
872 989 955 1017 Marie,
977 989 1066 1012 Sancte
1086 988 1166 1017 Cruci,
1185 990 1211 1011 et

148 1018 270 1042 Omnibus
294 1020 398 1049 Sanctis,
423 1021 527 1051 pulsatis
551 1021 711 1051 solempniter
735 1021 860 1051 campanis
883 1021 960 1051 ipsius
985 1021 1100 1050 Ecclesie,
1119 1021 1211 1051 gracias

147 1051 302 1075 exsolverent
319 1053 442 1083 speciales,
461 1055 489 1076 ut
502 1053 527 1076 in
545 1053 637 1076 talibus
650 1053 702 1076 fieri
715 1053 797 1077 fuerat
809 1056 955 1077 consuetum
967 1052 984 1083 3¹
1004 1053 1061 1080 107.

117 1081 157 1106 See
169 1084 225 1113 ROS,
239 1084 298 1108 Saer
310 1085 340 1108 de
353 1094 358 1114 ;
379 1084 450 1109 12612:
470 1086 613 1116 Stapeldon,
628 1087 671 1116 Bp.
687 1095 692 1114 ;
712 1088 774 1109 169⁰.

52 1120 186 1164 Oreedy,
209 1125 266 1156 the
294 1125 418 1167 Chapel
442 1126 477 1157 of
511 1126 657 1166 [Capella
681 1126 720 1157 de
744 1127 862 1164 cridia,
886 1126 978 1167 MSJ.
1012 1126 1068 1158 See
1095 1126 1210 1168 Upton

135 1167 284 1200 Hellions
298 1169 427 1210 (Inst.);
449 1171 512 1201 45¹2.

51 1218 162 1257 Cressi,
180 1220 316 1258 Gilbert,
332 1232 379 1253 see
396 1221 585 1263 Consistory
601 1221 704 1253 Court
719 1234 724 1259 3
749 1222 835 1254 17211.

51 1270 280 1310 Crewecombe,
296 1273 386 1305 John
402 1273 450 1310 de,
466 1274 540 1304 inst.
558 1276 591 1304 to
609 1273 725 1304 Maker
739 1286 744 1311 3
770 1273 858 1304 166⁸.

50 1323 143 1365 Crey,
166 1324 315 1361 Thomas,
338 1335 358 1356 a
382 1325 474 1356 blind
497 1336 581 1362 man,
606 1336 752 1357 recovers
776 1325 827 1356 his
851 1325 941 1367 sight
964 1325 1208 1368 miraculouffly,

136 1378 182 1399 see
200 1368 376 1406 Crediton3
401 1368 473 1402 107.

50 1418 180 1456 Oriccol,
199 1420 343 1451 William
360 1421 408 1458 de,
425 1421 499 1452 inst.
516 1423 550 1452 to
569 1421 746 1463 Lanlivery
761 1433 766 1459 3
792 1420 865 1454 174.

50 1469 234 1502 Criminous
252 1471 373 1509 Clerks,
391 1475 502 1510 etc„—

113 1523 284 1553 Commission,
305 1524 415 1548 directed
434 1527 460 1548 to
481 1525 519 1548 his
538 1525 767 1555 Official-Principal
787 1525 827 1553 (10
845 1525 909 1554 Jau.‚
929 1525 1045 1554 1314-155
1061 1533 1066 1554 ;
1091 1527 1118 1549 to
1136 1526 1207 1549 make

145 1556 302 1586 Inquisition,
322 1557 370 1580 and
390 1557 419 1586 <if
441 1558 579 1588 necessary)
598 1561 693 1580 correct
713 1558 762 1580 und
784 1558 882 1588 punish,
906 1565 934 1581 or
954 1566 1015 1581 even
1039 1558 1139 1588 deprive
1162 1559 1207 1582 the

146 1589 267 1612 offenders
285 1590 310 1612 of
328 1590 393 1612 their
406 1590 536 1613 Benefioes.
573 1591 594 1613 A
612 1591 701 1613 second
716 1590 887 1617 Commission,
906 1590 1017 1614 directed
1035 1593 1061 1614 to
1075 1591 1118 1614 the
1130 1599 1205 1619 same,

144 1629 192 1644 was
205 1621 287 1644 issued
301 1630 331 1644 on
346 1622 388 1645 the
401 1630 467 1645 same
480 1623 534 1653 day.
570 1623 622 1645 The
636 1623 727 1653 Bishop
740 1623 822 1645 would
835 1623 931 1653 shortly
945 1623 974 1646 be
987 1623 1076 1646 absent
1087 1624 1153 1647 from
1166 1624 1205 1646 his

143 1653 245 1677 Diocese
258 1662 263 1682 ς
281 1655 329 1677 aud
343 1655 380 1678 his
391 1655 493 1678 Official-
501 1655 619 1685 Principal
630 1663 679 1678 was
691 1655 845 1685 empowered
858 1658 884 1678 to
896 1655 968 1678 make
979 1656 1130 1686 Inquisition
1140 1664 1166 1679 as
1179 1659 1205 1679 to

142 1689 231 1709 vacant
249 1687 379 1716 Benefices,
393 1688 441 1710 and
460 1688 546 1711 Clerks
564 1688 694 1718 presented
712 1688 827 1716 thereto;
845 1688 892 1711 but
909 1696 941 1711 no
958 1688 1040 1711 action
1058 1696 1107 1712 was
1133 1691 1160 1712 to
1177 1689 1207 1712 be

143 1719 217 1741 taken
243 1719 382 1750 thereupon
411 1722 482 1750 apart
504 1720 569 1743 from
599 1720 642 1743 the
666 1720 866 1751 Rural-Chapter
889 1720 914 1744 iu
937 1721 998 1744 each
1021 1721 1122 1744 case—“
1133 1723 1204 1745 extra

143 1751 246 1781 plenum
260 1752 317 1775 Loci
330 1752 477 1782 Capitulum
487 1753 499 1761 '¹
513 1761 518 1782 ;
539 1754 591 1776 101.

48 1790 296 1829 Cristenistowe‚
313 1793 460 1835 Stephen
476 1793 524 1829 de,
544 1793 653 1835 priest,
672 1804 719 1825 see
736 1793 962 1835 Olayhanger3
987 1792 1074 1827 10711.

47 1842 146 1880 Croft,
169 1844 278 1886 Philip
301 1845 341 1876 de
354 1857 360 1883 ;
384 1845 425 1876 he
448 1845 525 1876 held
549 1847 615 1876 two
633 1845 787 1887 Knight’s
808 1845 876 1877 fees
900 1845 935 1877 of
957 1845 1014 1877 the
1031 1845 1154 1887 Bishop
1171 1845 1205 1877 of

133 1887 261 1925 Exeter,
277 1889 311 1919 in
328 1888 501 1920 Elnestede
516 1901 522 1927 ;
547 1888 612 1919 151¹.

45 2060 54 2075 1
67 2057 108 2080 Dr.
116 2056 198 2080 Oliver
210 2056 245 2086 (in
254 2056 292 2079 his
298 2055 447 2079 Monascicon
453 2055 478 2078 of
486 2055 593 2079 theDio-
681 2056 713 2079 bu
718 2058 735 2084 t,
742 2056 891 2086 misreading
900 2056 942 2079 the
952 2056 1032 2080 initia]
1042 2056 1116 2080 letter
1123 2057 1149 2079 of
1159 2056 1202 2080 the

67 2090 127 2119 cese)
133 2089 200 2120 gives
205 2097 235 2112 an
242 2088 380 2115 abstractos
387 2088 438 2113 this
444 2088 594 2117 Doeumeut,
682 2089 752 2113 blind
758 2089 836 2112 man's
841 2096 964 2117 surname,
970 2089 1028 2112 calls
1034 2089 1086 2115 him
1095 2090 1183 2122 “Orey,
1188 2088 1200 2099 ''
