1328 2295
92 167 165 202 330
295 178 371 203 THE
396 177 586 205 REGISTER
612 179 657 204 OF
681 177 823 205 BISHOP
850 178 1078 205 STAPELDON.

188 273 192 278 .
218 273 222 278 .
247 273 252 278 .
276 263 310 284 ac,
334 256 414 284 eciam,
441 262 513 284 super
532 256 678 284 invencione,
702 256 838 284 reseceione,
861 257 886 278 et
911 256 1061 285 reparacione
1082 256 1208 279 Librorum
1229 259 1254 280 et

186 287 317 308 ceterorum
336 286 442 314 ejusdem
461 285 564 308 Ecclesie
579 285 778 308 Ornamentorum
800 285 907 307 omnium
921 287 945 308 et
960 285 1117 314 singulorum,
1130 286 1160 308 ad
1177 286 1253 315 ipsius

186 315 290 338 Ecclesie
298 315 454 338 Parochianos
465 322 513 337 non
524 315 705 344 pertinencium,
714 315 800 337 fuisset
810 315 909 337 suborta
918 323 923 343 3
935 315 1135 344 comparentibus,
1145 316 1250 345 demum,

186 352 265 367 coram
282 345 351 367 nobis
373 362 379 369 .
403 362 409 368 .
435 362 439 367 .
462 345 486 367 111
504 345 591 373 Majori
609 345 715 367 Ecclesia
731 345 867 372 Exoniensi,
880 345 942 367 Loco
959 345 1099 367 Consistorii
1110 345 1134 367 in
1150 345 1249 374 judicio,

185 374 227 397 ubi
235 375 275 403 jus
287 375 354 397 reddi
365 375 496 402 consuevit,
508 381 551 403 pro
562 374 678 396 tribunali
689 374 833 402 sedentibus,
846 374 884 396 die
892 374 907 396 J
911 375 961 397 ovis
972 374 1080 403 proximo
1091 376 1146 403 post
1155 375 1253 398 Festum

186 404 271 427 Sancte
283 405 377 433 Agathe
388 404 494 433 Virginis
506 404 545 433 [10
556 404 633 432 Feb.]‚
646 404 716 426 Anno
728 404 825 426 Domini
836 404 873 426 ΜΟ
885 404 976 426 COCmo
987 403 1065 432 xxijdo
1077 404 1187 434 [1322ss3],
1200 412 1250 434 pre-

186 434 257 456 dictis
268 434 377 456 Dominis
388 434 482 456 Decauo
494 436 518 456 et
530 433 641 462 Capitulo
652 440 695 462 per
706 433 848 455 Nicholaum
861 433 891 456 de
902 434 1058 463 Durueforde,
1072 435 1251 457 Procuratorem

185 464 322 492 eorundem,
343 471 372 486 ex
390 465 458 492 parte
476 470 531 491 nna,
551 465 575 485 et
591 463 656 485 dicto
676 463 791 491 Magistro
808 463 907 492 Rogero,
927 463 1030 491 Vicario,
1049 464 1205 493 personaliter
1222 471 1252 487 ex

184 493 265 522 altera,
279 500 351 522 super
361 493 501 522 hujusmodi
517 493 568 515 litis
579 494 603 515 et
620 493 735 515 discordie
750 493 857 520 materia,
870 493 957 515 nostris
969 493 1128 522 Ordinacioni,
1142 494 1249 516 Declara—

184 523 254 551 cioni,
267 523 403 551 Voluntati,
417 522 621 550 Pronunciaeioni,
635 522 787 550 Diffinicioni,
800 524 824 545 et
836 522 966 551 Sentencie,
979 523 1035 545 hinc
1046 524 1070 546 et
1080 523 1135 545 inde
1146 530 1170 545 se
1181 530 1248 553 pure,

183 555 277 582 sponte,
300 554 324 575 et
345 553 462 580 absolute,
485 554 509 574 et
527 552 674 580 simpliciter,
694 552 864 580 submiserunt,
884 553 1053 581 promittentes
1074 560 1099 575 se
1116 553 1205 575 ibidem
1223 553 1249 575 in

181 582 281 611 judicio,
294 589 372 605 coram
389 582 466 609 nobis,
480 582 544 611 quod
561 582 675 610 quicquid
694 588 737 604 nos
754 582 778 603 in
796 589 823 604 ea
840 583 908 610 parte
919 582 1090 610 ordinaremus,
1103 583 1158 610 etc„
1171 583 1250 605 ecdem

184 612 275 640 Partes,
288 614 406 641 quatenus
418 612 448 634 ad
459 612 523 641 ipsas
534 613 558 633 et
569 612 676 640 ipsamm
694 611 799 640 singulas
816 612 936 640 attineret,
949 613 1072 641 perpetuis
1088 612 1178 635 futuris
1192 614 1250 635 tem-

183 642 282 671 poribus
299 642 458 664 observarent.
503 642 560 669 Nos,
579 648 642 668 vcro,
665 648 708 669 pro
729 641 792 663 bono
813 641 878 670 pacis
896 642 920 664 et
940 642 1064 664 concordie
1084 642 1147 664 inter
1168 642 1250 665 Partes

183 672 302 700 predictas
309 679 381 700 super
388 671 509 700 premissis
516 671 540 692 in
548 673 690 699 perpetuum
699 671 834 699 optinende,
843 678 934 693 necnon
946 671 1020 694 litibu
1031 674 1067 694 set
1074 672 1198 694 discordiis
1205 679 1252 701 que

183 702 246 723 inter
253 702 335 724 Partes
344 701 462 730 predictas
470 701 590 723 occasione
604 701 771 729 premissorum
784 702 840 723 sunt
846 700 962 723 hactenus
975 701 1089 723 suscitate
1100 708 1193 724 exnunc
1200 709 1250 731 per-

184 731 313 760 petualiter
330 731 458 760 sopiendis,
471 730 610 758 hujusmodi
629 730 794 752 submissionis
811 737 871 752 onus
886 730 911 752 in
926 737 970 753 nos
986 732 1071 760 sponte
1086 731 1250 760 suscipientes,

184 761 339 783 consideratis
348 761 372 782 in
381 761 425 782 hac
436 762 503 789 parte
515 760 702 782 circumstanciis
714 760 838 788 universis,
848 761 989 789 maturaque
999 761 1170 783 deliberacione
1181 768 1252 790 super

184 790 230 812 hiis
242 791 375 819 prehabita,
385 790 529 817 ordinamus,
543 791 597 817 etc.¹
607 790 635 811 de
648 790 723 818 ipsius
735 790 897 812 Procuratoris
908 792 932 812 et
943 790 1030 819 prefati
1041 790 1129 813 Viearii
1141 797 1251 819 expresso

184 827 308 848 consensu,
321 820 387 849 quod
396 820 503 848 prefatus
516 819 629 848 Magister
640 819 754 847 Rogemus,
767 819 884 846 Vicarius,
898 819 1035 842 Cancellum
1047 821 1137 849 prefate
1149 820 1251 843 Ecclesie

184 867 189 872 .
215 867 219 872 .
245 867 250 872 .
274 851 435 878 competenter
446 849 573 877 elongabit,
587 856 628 871 seu
635 849 764 877 longiorem
776 849 826 871 fieri
837 849 916 877 faciet,
927 856 969 878 per
983 856 1023 871 sex
1035 850 1114 878 pedes,
1128 850 1251 873 fenestras-

201 887 230 901 ue
241 881 402 908 competentes
419 879 505 901 tamin
516 879 601 907 capite,
614 885 655 900 seu
672 878 768 907 gabulo,
781 879 858 907 ipsius
879 885 951 907 quam
968 879 991 901 in
1011 879 1127 902 lateribus
1145 880 1251 908 ejusdem

199 909 297 936 'ancelli,
320 909 427 938 aliosque
455 909 562 930 defectus
592 915 673 930 omnes
704 908 729 930 in
758 909 840 930 eodem
862 909 971 931 Cancello
992 916 1055 931 nunc
1076 909 1206 932 existentes
1227 911 1251 933 et

184 940 333 968 apparenteS,
346 940 396 961 tam
413 939 438 960 in
456 938 533 960 Libris
552 945 623 966 quam
635 938 688 959 aliis
706 938 856 960 Ornamentis
878 938 997 966 omnibus,
1016 946 1118 968 quorum
1135 939 1249 968 invencio,

184 969 329 997 emendacio,
348 968 455 995 refeccio,
475 969 498 990 et
519 967 639 996 reparacio
656 967 686 989 ad
706 967 865 990 Parochianos
887 985 891 990 .
917 984 922 990 .
947 985 951 990 .
976 975 1023 990 non
1044 969 1171 997 pertinent,
1191 969 1252 992 infra

184 1005 274 1020 annum
291 1005 305 1020 a
322 998 432 1027 proximo
444 998 514 1020 Festo
526 997 616 1019 Pasche
633 997 745 1019 continue
762 999 908 1025 secuturum,
923 997 1006 1020 Libros
1022 998 1134 1027 inveniet,
1147 999 1254 1028 aliosque

185 1028 293 1051 defectus
304 1028 401 1056 reficiet,
414 1028 470 1055 etc.‚
482 1028 507 1049 et
522 1027 665 1049 sufficienter
682 1034 708 1049 ac
727 1028 888 1056 competenter
906 1027 931 1049 in
949 1028 1068 1056 omnibus,
1081 1028 1131 1050 suis
1149 1029 1252 1058 propriis

184 1058 339 1087 sumptubus,
362 1057 506 1084 emendabit,
525 1057 671 1085 refectosque
690 1058 714 1078 et
732 1057 870 1079 emendatos
888 1057 913 1078 111
931 1058 997 1079 statu
1016 1057 1097 1080 debito
1114 1058 1251 1083 sustinebit.

186 1087 232 1110 Pro
250 1088 338 1117 quibus
357 1087 469 1109 omnibus
486 1087 527 1114 sic,
544 1088 573 1108 ut
589 1086 745 1115 premittitur,
758 1086 880 1114 faciendis,
893 1086 956 1109 idem
968 1087 1077 1109 Vicarius
1094 1088 1210 1117 percipiet
1222 1088 1252 1111 ab

187 1117 361 1140 Executoribus
378 1117 525 1139 Testamenti
543 1116 605 1138 bone
621 1116 734 1138 memorie
749 1116 847 1138 Domini
863 1116 960 1144 Thome,
974 1117 1094 1145 quondam
1113 1117 1252 1141 Exoniensis

184 1147 306 1176 Episcopi,
319 1147 423 1176 proximi
434 1146 609 1168 Predecessoris
620 1146 703 1173 nostri,
716 1152 759 1174 pro
771 1146 809 1174 cuj
814 1153 839 1168 us
851 1145 920 1168 obitu
930 1146 1034 1168 tenendo
1045 1147 1138 1175 prefata
1149 1148 1253 1170 Ecclesia

184 1177 266 1201 Sancti
290 1176 358 1199 Uveli
384 1176 454 1198 dictis
476 1176 570 1198 Decano
597 1177 620 1197 et
637 1175 748 1204 Capitulo
775 1175 929 1204 appropriata
954 1176 1044 1204 existit,
1073 1176 1153 1199 decem
1179 1177 1252 1201 libras

184 1207 350 1235 sterlingorum
361 1214 366 1233 3
384 1206 502 1232 videlicet,
516 1205 595 1227 decem
608 1212 698 1227 marcas
709 1212 750 1234 pre
761 1205 880 1233 manibus,
894 1207 918 1227 et
929 1206 1034 1234 quinque
1045 1213 1135 1228 marcas
1146 1207 1252 1230 residuas

183 1237 254 1259 dictis
271 1236 412 1263 defectibus,
425 1237 475 1257 tam
494 1236 518 1257 in
535 1235 652 1263 Caucello,
666 1235 752 1263 Libris,
765 1241 838 1263 quam
854 1235 907 1257 aliis
924 1235 1042 1263 omnibus,
1056 1237 1084 1258 ut
1094 1236 1250 1266 premittitur,

184 1266 327 1289 sufficienter
342 1267 365 1288 et
382 1266 545 1294 competenter
558 1271 601 1293 per
619 1271 673 1286 eum
693 1264 831 1292 emendatis,
844 1264 946 1292 refectis,
959 1266 983 1287 et
997 1266 1119 1294 reparatis.
1153 1266 1251 1290 Ordina-

183 1304 245 1324 mus,
255 1296 358 1324 insuper,
370 1296 424 1322 etc.,
434 1294 499 1323 quod
510 1296 598 1316 extunc
609 1294 716 1322 reseceio,
726 1295 780 1321 etc„
791 1294 849 1316 dicti
859 1294 970 1322 Cancelli,
983 1295 1091 1317 inveneio
1102 1297 1126 1317 ct
1137 1297 1251 1319 correccio

184 1326 311 1348 Librorum
322 1327 346 1347 et
358 1325 458 1347 aliorum
477 1324 553 1353 ipsius
565 1324 668 1346 Ecclesie
679 1324 885 1351 Ornamentoruni,
899 1325 1006 1346 omnium
1017 1326 1041 1347 et
1052 1325 1208 1354 singulorum,
1221 1327 1251 1349 ad

184 1355 343 1378 Parochianos
364 1372 369 1377 .
393 1372 398 1377 .
422 1361 470 1376 non
488 1353 658 1382 spectanciuni,
671 1353 702 1375 ad
720 1353 812 1375 dictum
822 1353 946 1375 Vicarium
961 1354 1085 1383 ipsiusque
1096 1362 1249 1385 successores,

183 1385 287 1408 Ecclesie
309 1384 391 1407 Sancti
413 1384 483 1406 chli
506 1383 621 1410 Vicarios,
641 1383 666 1405 111
683 1383 785 1405 solidum
810 1383 951 1411 pertineant,
971 1384 1082 1406 omnibus
1101 1386 1249 1414 temporibus

183 1415 306 1438 secuturis,
341 1414 466 1441 Premissa,
479 1420 541 1441 vero,
556 1413 635 1435 onmia
646 1414 669 1434 et
681 1413 774 1441 singula
785 1412 955 1435 inviolabiliter
966 1413 1076 1436 volumus
1087 1414 1214 1444 observari,
1227 1417 1251 1439 et

183 1445 213 1467 ad
225 1452 252 1467 ea
262 1444 370 1467 facienda
387 1445 410 1465 ct
421 1443 568 1465 observanda
583 1442 608 1464 in
619 1442 729 1464 omnibus
741 1459 746 1464 .
770 1459 775 1464 .
801 1459 806 1464 .
820 1442 951 1464 Dominum
962 1443 1076 1465 Thomam
1089 1444 1118 1466 de
1130 1444 1249 1475 Hentone,

183 1474 367 1497 Thesaurarium
389 1473 413 1494 in
431 1472 535 1494 Ecclesia
554 1472 688 1499 Exoniensi,
707 1479 783 1494 unum
801 1472 962 1494 Executorum
983 1473 1131 1496 Testamenti
1147 1475 1249 1503 predicti

183 1503 356 1527 Predecessoris
377 1502 461 1531 nostri,
484 1503 542 1524 tunc
569 1503 710 1530 presentem,
734 1502 764 1524 ad
785 1501 972 1524 satisfaccionem
1004 1502 1144 1531 hujusmodi
1169 1504 1250 1528 decem

182 1534 306 1561 librarum,
331 1550 336 1555 .
361 1549 366 1555 .
391 1549 396 1557 .
420 1534 443 1554 et
469 1532 590 1560 prefatum
608 1531 750 1560 Magistrum
773 1531 900 1560 Rogemun,
918 1532 1050 1560 Vicarium,
1068 1539 1112 1555 suo
1132 1535 1247 1564 tempore,

182 1564 282 1592 eiusque
293 1568 438 1585 successores
450 1562 499 1583 suis
507 1561 663 1590 temporibus,
673 1561 697 1582 in
708 1568 832 1589 personam
841 1561 925 1590 ipsius,
934 1562 1029 1584 nomine
1040 1562 1102 1584 dicte
1109 1563 1210 1593 Viearie,
1220 1564 1250 1587 de

182 1587 258 1622 ipsius
275 1598 386 1621 expresso
404 1598 527 1618 consensu,
545 1591 650 1619 prefatas
668 1592 761 1612 nostras
773 1590 962 1619 Ordinacionem,
976 1593 1030 1620 etc.,
1048 1594 1112 1614 ratas
1131 1594 1156 1615 et
1170 1596 1249 1622 gratas

181 1623 304 1651 habentes,
323 1629 366 1651 per
383 1621 492 1649 Precepti
509 1620 657 1643 Sentenciam
669 1620 871 1649 condempnamus
881 1627 887 1648 3
898 1620 1049 1644 decernentes
1065 1621 1126 1644 hanc
1143 1625 1249 1646 nostram

181 1653 338 1680 Sentenciam,
359 1651 471 1680 quociens
491 1657 584 1672 necesse
605 1650 685 1677 fuerit,
704 1650 814 1678 congruis
834 1650 886 1672 loco
907 1652 931 1673 et
952 1652 1066 1680 tempore,
1086 1651 1251 1676 Ecclesiastica

181 1689 281 1705 censura
288 1688 336 1710 qua
343 1680 460 1708 convenit,
469 1680 519 1702 sore
530 1680 666 1702 execucioni
673 1679 753 1702 debite
764 1679 988 1702 demandandum„
996 1680 1023 1702 In
1031 1687 1134 1714 quorum
1143 1683 1249 1706 omnium

180 1712 327 1740 testimonio,
348 1710 516 1733 etQ—Datum
535 1711 559 1732 et
576 1711 656 1732 actum
676 1709 720 1737 die,
741 1709 801 1737 loco,
821 1710 845 1731 et
863 1716 925 1732 anno
941 1710 1069 1739 preslict1s;
1092 1711 1250 1742 175b.—[The

180 1741 277 1765 Church
293 1741 336 1763 has
355 1740 460 1768 recently
470 1739 531 1761 been
542 1739 661 1767 restored3
674 1739 727 1767 and,
742 1739 766 1761 iu
783 1739 824 1761 the
838 1746 920 1761 course
935 1740 961 1761 of
971 1739 1013 1762 the
1027 1740 1101 1769 work,
1114 1741 1135 1764 it
1144 1748 1192 1764 was
1205 1744 1248 1765 not

178 1771 281 1794 difficult
291 1772 317 1793 to
328 1771 392 1793 trace
402 1769 444 1792 the
456 1769 565 1798 carrying
575 1770 619 1791 out
630 1769 656 1791 of
664 1768 732 1791 these
743 1769 828 1791 orders.
863 1768 913 1791 The
924 1769 1032 1792 addition
1043 1771 1068 1792 to
1077 1770 1118 1793 the
1128 1771 1211 1801 length
1223 1772 1249 1795 of

179 1802 220 1824 the
231 1800 334 1824 Chaucel
346 1800 378 1828 by
389 1799 483 1828 exactly
494 1799 531 1822 six
545 1800 591 1821 t'eet
602 1805 650 1821 was
661 1798 750 1827 clearly
760 1799 876 1829 marked}

89 1842 137 1874 δὲ.
154 1841 286 1915 gyvflea'lph
298 1883 329 1907 de
338 1882 482 1912 Arundelle,
493 1882 669 1911 R.‚—Licence
681 1883 707 1905 to
720 1884 768 1912 put
779 1882 818 1906 his
828 1882 941 1906 Benefice
954 1885 1000 1907 out
1011 1885 1038 1907 to
1047 1883 1111 1907 farm
1123 1884 1162 1908 for
1173 1885 1243 1909 three

185 1925 256 1949 years
269 1916 309 1947 (27
323 1916 399 1947 Sept.,
414 1916 486 1945 1319)
498 1922 503 1942 ;
524 1915 577 1939 143.

90 1960 135 1991 St.
152 1958 261 1990 Feock
275 1969 282 1996 ;
306 1956 493 1989 Ordinacz'o
515 1955 545 1987 V
544 1955 652 1987 icaria
667 1955 810 1987 Ecclesia
828 1955 949 1988 Sancte
964 1957 1113 1995 Fame,-

153 2000 283 2024 stitation
299 1999 328 2027 qf
340 1999 377 2021 the
389 1998 573 2027 Arclzsleaconry
589 1998 618 2026 Qf
631 1998 894 2028 CornwaH,-Dispute
910 1999 1018 2022 between
1036 2000 1140 2029 Glasney
1151 2001 1244 2030 College

178 2031 225 2053 and
241 2030 279 2053 Sir
294 2029 411 2057 Geoffrey,
424 2029 453 2051 V.
469 2028 494 2050 of
510 2028 558 2050 this
575 2028 659 2050 Parisii
677 2035 703 2050 as
721 2030 746 2050 to
765 2028 807 2051 the
825 2029 967 2051 “Portion”
984 2030 1010 2051 of
1024 2029 1065 2052 the
1083 2030 1162 2053 latter.
1195 2031 1243 2053 The

176 2060 360 2083 circumstances
370 2065 432 2080 were
446 2058 489 2080 the
505 2064 576 2085 same,
589 2058 690 2080 mutatis
705 2058 837 2086 mutandis,
850 2065 876 2081 as
892 2059 916 2081 in
932 2059 973 2081 the
989 2066 1041 2081 case
1057 2059 1083 2082 of
1097 2060 1131 2082 St.
1145 2060 1245 2083 Budock

178 2089 256 2119 (q.v.),
268 2090 353 2117 except
362 2088 416 2110 that
426 2087 493 2110 there
504 2087 552 2109 had
568 2087 635 2115 been,
649 2087 673 2109 in
683 2087 733 2109 this
744 2094 804 2116 case,
816 2095 847 2110 no
858 2088 969 2117 previous
979 2089 1097 2112 Taxation
1114 2089 1162 2112 “iu
1175 2090 1244 2113 certis

177 2117 372 2146 Porcionibus’';
400 2117 446 2140 and
466 2117 508 2139 the
525 2116 615 2145 Bishop
639 2116 752 2139 ordaincd
773 2124 798 2140 as
819 2118 920 2146 iollows,
942 2119 996 2147 viz„
1018 2118 1073 2141 that
1098 2119 1138 2141 the
1161 2119 1244 2142 Vicars

179 2151 195 2161 “
205 2149 309 2171 habeant
321 2165 326 2170 .
340 2165 345 2170 .
361 2165 365 2170 .
378 2154 496 2172 mansum,
509 2154 563 2168 cum
575 2146 735 2175 pertinenciis,
748 2147 773 2169 in
784 2154 831 2176 quo
843 2147 922 2170 dietus
933 2148 1050 2170 Dominus
1062 2148 1184 2171 Galfridus
1192 2149 1242 2178 jam

175 2179 303 2208 inhabitat,
316 2179 341 2201 et
351 2178 431 2201 totum
448 2176 582 2206 altilagium
599 2194 604 2199 .
624 2193 629 2200 .
647 2176 693 2200 sub
710 2183 766 2206 quc,
784 2177 847 2200 inter
863 2179 947 2207 cetera,
966 2178 1082 2201 decimam
1099 2178 1147 2202 feni
1165 2179 1242 2202 tocius
