1328 2295
106 147 151 180 38

175 232 270 263 inhus
282 234 400 263 stagneus
412 240 457 263 pro
470 232 576 256 infirmis
588 232 677 270 deficit.
703 265 708 270 .
801 265 806 270 ι
856 265 861 270 “
999 244 1016 280 Ἰ

175 264 316 288 Rochetum
328 267 354 288 et
365 265 457 289 Velum
471 265 689 296 Quadragefflmale
701 265 883 289 insufficiencia.

175 297 263 321 Unum
276 297 382 321 Gradale
394 298 425 321 de
438 298 493 322 Usu
511 298 602 322 Sarum
620 300 719 321 tantum
733 305 738 327 ;
756 298 803 322 alia
815 298 932 322 Gradalia
943 305 993 321 non

209 332 270 353 sunt
282 330 312 353 de
325 330 386 354 Usu.

177 362 293 393 Legenda
305 362 454 386 Sanctorum
470 363 628 386 insufficiens.

178 395 266 419 Unum
273 395 485 426 Antiphonarium
495 396 526 419 de
539 396 593 420 Usu
602 396 692 419 Sarum
700 397 809 426 tantum,
815 398 841 420 et
848 395 874 419 id
883 395 995 419 totaliter

210 427 368 452 insufficiens.

179 460 267 484 Unum
281 460 398 484 ordinale
409 460 568 484 insufficiens.

178 492 247 516 Pixis
259 495 376 523 argentea
387 493 419 516 ad
431 493 601 517 Eukaristiam
614 493 689 517 nimis
702 493 796 517 stricta.

178 525 369 549 erismatorium
381 528 408 549 et
419 533 504 549 omnes
516 526 598 556 phiole
610 526 794 549 insufficientes.

178 558 268 581 Hereia
280 558 311 581 ad
324 558 449 582 Tenebras
460 560 486 581 et
499 559 683 582 Candelabrum
695 558 812 582 paschale
824 557 951 582 deficiunt.

178 591 264 621 Imago
290 590 362 614 Beati
387 591 403 614 J
405 590 510 614 ohannis
535 591 656 622 Baptiste,
682 591 708 615 in
737 591 810 622 eujus
838 591 939 615 nomine
959 592 997 614 est

211 623 327 653 Ecclesia,
340 623 431 647 deficit.

179 655 296 679 Celatura
307 663 382 687 super
394 655 475 686 Majus
488 656 574 680 Altare
588 656 678 680 deficit.

177 688 331 712 Vestiarium
343 688 407 712 male
420 691 573 719 coopertum.

294 154 367 180 THE
393 155 577 181 REGISTER
603 155 651 180 OF
679 155 817 181 BISHOP
846 154 1075 181 STAPELDON.

1096 475 1158 496 tune
1165 471 1273 495 invenie-

1096 505 1190 528 bantur
1201 504 1275 528 corri-

1096 538 1184 568 genda,
1192 545 1222 567 pi
1223 539 1276 560 eter

1105 569 1269 593 correcciones

1097 610 1145 634 que
1155 603 1180 626 in
1191 602 1275 633 Regis-

1098 638 1136 659 tro
1148 635 1196 658 alio
1211 635 1274 658 inse-

1096 670 1196 692 runtur.

1054 440 1139 559 [Hec
1154 441 1215 463 sunt
1225 447 1274 470 qne

178 721 253 745 Unde
275 723 422 752 preceptum
444 721 495 744 fuit
517 729 561 752 per
583 722 681 745 dictum
704 721 857 752 Episcopum
880 721 996 745 omnibus

210 761 319 784 quorum
331 754 443 783 interest,
455 754 494 777 vel
506 754 626 778 interesse
638 754 737 785 poterit,
747 754 860 778 defectus
872 754 996 785 predictos

210 794 330 817 reparare,
344 787 412 817 quod
423 787 523 810 eosdem
535 789 651 817 reparent
663 789 688 810 et
700 787 819 817 corrigere
831 787 924 810 faciant
935 787 996 810 eitra

211 819 316 842 Festum
327 819 424 842 Natalis
437 819 540 842 Domini
556 819 669 850 proximo
683 820 809 849 futurum,
826 819 873 843 sub
890 827 954 850 pena
971 819 996 842 xl

210 851 350 881 librarum;
369 849 414 875 28¹³
425 850 546 882 [written
559 860 590 875 on
603 860 617 875 a
630 852 707 875 blank
719 860 755 882 sp*
756 860 790 875 tce
807 854 834 875 at
850 852 893 875 the
910 852 959 875 end
971 852 997 875 of

211 884 255 908 the
266 884 401 908 Visitation
413 884 439 907 oi
455 884 570 914 Bosham,
581 884 667 908 bound
687 892 722 915 up
734 884 796 908 with
807 884 852 908 the
864 884 994 915 Register]

155 932 301 964 ——Breve
321 942 501 964 erroneum
521 932 560 963 de
581 932 855 965 Attachz'amento
875 943 939 974 pro
962 932 1109 966 Ecclesia
1130 932 1169 964 de
1189 933 1274 965 Ame-

199 975 353 1008 mimo-01
363 988 418 1007 :—-

114 1098 122 1113 ¹
140 1098 187 1122 ΜΓ.
199 1097 340 1122 Greenfield
349 1098 394 1121 has
406 1100 463 1121 sent
471 1105 512 1121 me
523 1097 567 1121 the
575 1097 668 1121 follow-

147 1131 190 1162 ing
208 1131 326 1154 Extracts
345 1130 488 1161 (belonging
499 1133 526 1154 to
539 1138 569 1153 an
583 1130 669 1154 earlier

146 1164 241 1194 period)
251 1163 316 1187 from
322 1163 442 1194 Prynne's
455 1164 553 1187 Antient
559 1163 667 1192 Rccords,

148 1197 225 1220 Tome
237 1196 271 1226 iii,
283 1204 307 1227 p.
322 1195 413 1220 782:—

116 1229 193 1253 “The
214 1229 307 1259 Bishop
325 1228 351 1252 of
367 1229 467 1257 Exeter,
484 1228 668 1259 endeavouring

148 1263 174 1285 ‘to
184 1261 267 1285 divide
279 1262 323 1284 the
335 1261 437 1285 Church
446 1261 472 1284 of
484 1261 632 1284 Aoeeminster
642 1261 668 1284 in

148 1294 187 1317 his
205 1293 316 1322 Diocese,
337 1293 471 1324 belonging
491 1296 517 1316 to
538 1296 588 1316 two
609 1294 667 1316 Pre-

147 1326 314 1350 beu<1·1ries·1n
333 1326 377 1349 the
394 1326 527 1350 Cathedral
544 1326 569 1348 of
586 1325 667 1355 Yorc,lc

145 1359 276 1389 judicially
288 1359 419 1382 recovered
433 1358 466 1389 by
480 1358 523 1381 the
533 1358 666 1387 Prebends,

148 1392 174 1415 in
190 1391 234 1415 the
251 1391 319 1421 King
322 1391 340 1414 's
358 1391 443 1419 Court,
456 1391 506 1414 and
522 1393 548 1414 to
564 1399 633 1414 sever
648 1391 668 1414 it

149 1424 214 1447 from
231 1424 276 1447 the
296 1423 480 1452 Plebendaries,
501 1426 527 1446 to
550 1423 593 1447 the
616 1431 669 1453 pre-

146 1457 232 1488 judice
244 1457 269 1480 of
287 1456 330 1480 the
342 1456 417 1486 ang'
419 1464 431 1479 s
449 1456 545 1484 Crown,
560 1456 667 1486 dignity,

149 1490 199 1513 and
206 1489 371 1512 (lisinhen'son
382 1496 387 1517 ;
401 1488 445 1512 the
454 1488 522 1519 King
531 1488 670 1519 thereupon

149 1522 233 1545 issued
248 1522 299 1545 this
318 1521 475 1545 Prohibition
496 1523 522 1544 to
545 1521 604 1550 him,
626 1523 671 1544 not

149 1557 176 1578 to
194 1557 304 1585 attempt
324 1554 452 1585 anything,
472 1561 499 1577 or
519 1556 545 1577 to
565 1553 670 1584 proceed

149 1585 271 1611 therein.”

118 1620 199 1644 Claus.
210 1620 239 1643 26
250 1620 278 1643 E.
292 1619 335 1657 L]
353 1619 414 1643 Rex
463 1618 604 1642 Venerabili
644 1619 670 1642 111

134 1660 166 1676 111.
185 1653 223 1682 10,
236 1651 311 1675 dorso.
331 1660 335 1683 g
371 1651 470 1675 Christo
486 1651 554 1674 Patri
566 1650 672 1682 T[home

133 1685 182 1708 Pro
192 1684 312 1715 Magistro
370 1684 401 1707 de
429 1683 550 1715 Byttone]
584 1684 670 1707 eadem

131 1717 247 1741 Johanne
281 1717 311 1740 de
330 1686 345 1765 ὲ
368 1716 449 1747 gracia
471 1716 594 1747 Episcopo
620 1716 670 1740 Ex-

132 1749 310 1774 Craucumb&
330 1767 334 1776 .
368 1749 470 1778 oniensi,
504 1749 617 1772 salutem.
640 1762 671 1766 ——-

131 1782 266 1806 Winielmo
280 1782 311 1805 de
329 1781 333 1790 '
369 1781 439 1805 Licet
474 1781 559 1805 dilecti
591 1781 671 1805 cleriei

132 1793 333 1869 Hamelton]
368 1814 454 1843 nostri,
484 1814 604 1844 Magister
626 1813 670 1837 Jo-

132 1847 226 1878 (1298.)
367 1846 459 1870 hannes
475 1846 504 1870 de
524 1846 671 1870 Crauccumb

150 1880 173 1903 δι
194 1879 323 1903 willelmus
345 1879 373 1903 de
394 1878 531 1907 Hammon,
552 1878 670 1902 Canonici

149 1912 257 1936 Ecelesie
278 1911 440 1935 Eboraoensis
465 1911 486 1934 δι
508 1911 669 1934 Prebendarii

149 1945 180 1968 de
193 1944 316 1968 Grendale
326 1946 352 1967 et
359 1944 390 1967 de
399 1943 524 1973 WVarthilL
533 1943 669 1967 Ecclesiam

149 1978 180 2001 de
197 1977 365 2004 Axeminstre,
378 1978 459 1999 vestre
477 1976 594 2005 Diocesis,
611 1983 669 1999 cum

147 2010 198 2033 suis
211 2009 377 2040 pertinenciis,
390 2009 415 2032 iu
435 2008 510 2032 Curia
527 2011 611 2031 nostra
624 2009 668 2031 du-

147 2043 209 2066 dum
238 2041 438 2072 recuperaverint
466 2043 588 2071 tanquam
611 2049 666 2071 pre-

146 2075 220 2098 dictis
244 2074 380 2098 Prebendis
408 2074 460 2097 suis
487 2081 617 2103 annexam,
642 2075 666 2096 et

146 2108 225 2138 ipsam
254 2115 312 2130 cum
341 2106 413 2129 dictis
445 2105 612 2137 pertinenciis,
638 2108 666 2129 ut

146 2140 288 2164 membrum
315 2139 451 2163 earundem
480 2139 668 2162 Prebendarum

754 1105 863 1127 suarum,
880 1097 1035 1129 integraliter
1051 1100 1155 1122 teneant
1172 1097 1273 1129 pacifice

755 1130 776 1153 δι
790 1130 875 1161 quiete
887 1139 893 1159 ;
911 1138 961 1160 vos,
975 1131 1040 1155 sicut
1051 1131 1140 1155 datum
1153 1133 1191 1154 est
1202 1130 1274 1154 nobis

753 1163 865 1194 intelligi,
876 1163 907 1186 de
919 1163 1030 1194 predicta
1044 1164 1153 1187 Ecclesia
1164 1162 1274 1187 nitimini

753 1196 833 1219 facere
845 1196 988 1225 seccionem,
1001 1198 1027 1220 et
1039 1204 1094 1220 eam
1107 1204 1120 1219 a
1133 1195 1234 1226 juribus
1246 1197 1272 1219 et

753 1228 911 1252 libertatibus
932 1229 1024 1259 quibus
1044 1229 1156 1259 gaudent
1176 1228 1273 1259 prefate

753 1260 882 1284 Prebende
901 1261 1019 1291 dividere,
1032 1264 1179 1292 statumque
1195 1260 1273 1291 ipsius

753 1296 858 1322 mutare,
872 1294 939 1324 qnod
955 1294 975 1317 si
991 1293 1062 1317 fieret
1080 1294 1105 1317 in
1121 1293 1201 1317 nostri
1217 1301 1272 1324 pre-

749 1325 875 1356 judicium
895 1328 921 1349 et
938 1326 1157 1350 exlieredacionem
1176 1326 1275 1349 cederet

752 1358 896 1387 manifeste;
909 1366 961 1388 nos,
974 1359 1058 1390 igitur,
1066 1358 1214 1389 hujusmodi
1225 1358 1274 1382 dis-

754 1391 851 1421 pendiis
871 1391 969 1414 obviare
989 1391 1108 1420 volentes,
1121 1391 1191 1415 vobis
1203 1399 1272 1414 man-

754 1423 844 1446 damns
855 1423 961 1447 firmiter
972 1424 1121 1453 inhibentes,
1131 1432 1162 1447 ne
1170 1423 1272 1454 aliquid,

755 1455 779 1479 in
801 1456 846 1479 hac
862 1458 940 1486 parte,
957 1457 1024 1487 quod
1039 1457 1066 1480 in
1086 1456 1272 1480 enervacionem

754 1488 818 1518 juris
841 1489 920 1512 nostri
939 1489 1017 1519 Regii,
1034 1491 1060 1512 et
1077 1488 1274 1512 diminucionem

755 1521 885 1551 dignitatis
908 1523 934 1544 et
957 1521 1053 1545 Corone
1076 1523 1160 1545 nostre
1188 1521 1273 1544 cedere

755 1554 836 1577 valeat
866 1556 1054 1584 attemptantes,
1083 1561 1127 1577 seu
1155 1553 1273 1577 facientes

755 1585 896 1616 aliqualiter
920 1586 1074 1617 attemptari,
1097 1587 1130 1610 ad
1154 1586 1274 1617 premissa

755 1619 894 1648 procedere,
903 1626 947 1642 seu
956 1619 1091 1650 quicquam
1099 1619 1157 1642 novi
1164 1621 1275 1643 statuere

755 1659 830 1682 super
841 1651 890 1675 illis
907 1654 952 1675 aut
968 1652 1045 1675 eciam
1060 1651 1174 1675 ordinare
1193 1651 1272 1675 nulla-

755 1685 830 1707 tenus
842 1684 998 1714 presumatis,
1010 1692 1042 1708 ne
1053 1684 1074 1707 si
1083 1684 1156 1707 aliter
1164 1686 1274 1714 attemp-

755 1718 824 1739 tetur
844 1716 983 1740 remedium
1006 1716 1107 1747 aliquod
1130 1716 1198 1747 quod
1215 1724 1273 1740 con-

755 1749 856 1772 veniens
878 1749 956 1772 fuerit
984 1757 1059 1779 super
1081 1749 1128 1773 hoc
1150 1757 1273 1780 apponere

755 1781 941 1812 compellamur.
975 1781 1056 1810 Teste,
1070 1781 1110 1805 διε.

722 1813 786 1843 [The
798 1814 945 1838 attestation
957 1814 977 1837 is
989 1814 1150 1845 incomplete:
1165 1814 1214 1838 but
1225 1814 1271 1838 Mr.

755 1845 860 1876 Baigent
872 1846 929 1870 tells
940 1854 981 1870 me
998 1846 1055 1870 that
1069 1846 1112 1870 the
1124 1847 1181 1871 Roll
1193 1846 1272 1871 shews

753 1878 812 1934 {hat
822 1878 872 1941 ]the
894 1879 960 1903 Date
978 1879 999 1903 is
1019 1879 1132 1903 between
1156 1881 1170 1903 4
1188 1879 1237 1903 and
1258 1879 1272 1903 8

772 1919 820 1934 une
833 1930 838 1934 .

722 1943 878 1974 “Hereupon
902 1943 946 1967 the
968 1944 1129 1968 Archdeacon
1152 1944 1178 1968 of
1200 1944 1273 1968 Exon

754 1976 831 2005 (most
858 1976 934 2007 likely
958 1977 993 2007 by
1015 1977 1059 2001 the
1086 1977 1201 2008 Bishop's
1228 1984 1271 2000 en-

753 2012 929 2039 couragement
938 2010 986 2032 and
996 2010 1126 2039 direction)
1135 2017 1202 2041 upon
1211 2009 1272 2033 false

753 2041 871 2064 surmises
894 2042 1126 2066 excommunicated
1149 2043 1218 2066 John
1241 2042 1272 2066 de

753 2074 894 2097 Craucumb
903 2074 953 2097 and
966 2074 1074 2098 William
1088 2075 1119 2098 de
1133 2075 1270 2103 Hamilton,

751 2109 778 2129 to
801 2106 883 2129 whose
906 2107 1032 2130 Prebends
1056 2107 1099 2130 the
1123 2107 1224 2131 Church
1246 2106 1272 2130 of

753 2138 912 2163 Axeminster
931 2147 980 2163 was
1003 2140 1124 2169 annexed,
1143 2140 1198 2164 who
1221 2139 1272 2164 had
