1328 2295
84 183 132 219 54
285 192 359 219 THE
385 193 562 220 Rnffls‘rmz
590 194 635 222 oF
659 193 793 222 msnor
820 193 1049 222 srAPELDON.

180 271 207 295 in
220 271 309 295 Libera
322 272 422 303 Capella
433 274 517 296 vestra
534 273 564 296 de
582 273 712 303 Boseham,
725 273 903 303 obedienciam,
915 273 1082 298 reverenciam
1094 275 1166 297 tanto
1178 273 1249 297 Patri

180 304 292 328 debitam
304 313 361 328 cum
374 305 659 329 honore—Mandatum
669 309 782 330 vestrum
794 307 874 337 recepi
886 307 933 330 sub
945 315 974 330 eo
984 307 1028 337 qui
1037 307 1152 337 sequitur
1161 308 1247 330 tenore

180 337 516 366 verborumz—“Walterus‚
535 339 697 369 permissione
715 339 806 363 Divina
824 339 972 363 Exoniensis
990 339 1136 370 Episcopus,
1155 339 1247 363 dilecto

180 370 206 393 in
226 371 325 394 Christo
342 371 401 401 filio,
414 371 521 394 Sacriste
540 371 627 394 Libere
644 372 745 402 Capelle
763 373 793 395 de
812 372 942 401 Boseham,
957 372 1073 401 salutem,
1090 372 1204 402 graciam,
1221 374 1248 396 et

181 403 391 426 benediccionem.
440 404 504 432 Quia
526 404 620 427 dictam
645 405 760 428 Liberam
785 405 911 435 Capellam
933 408 1047 428 nostram
1071 405 1102 428 de
1125 404 1248 428 Boseham

181 436 290 459 secundo
309 436 356 459 Die
374 436 486 459 Juridico
505 439 562 466 post
583 437 687 460 Festum
706 437 844 467 Epiphanie
864 437 967 461 Domini
987 437 1101 468 proximo
1121 437 1246 467 futurum,

181 468 311 492 Altissimo
324 469 481 498 eoncedente,
495 477 526 492 ex
539 469 618 492 Officii
631 470 709 493 nostri
721 470 806 493 debito
824 470 940 493 canonice
958 470 1059 493 visitare
1076 470 1247 501 proponimus,

181 501 251 525 vobis
271 501 297 524 in
317 501 413 525 virtute
433 502 581 525 Obediencie
604 502 710 525 firmiter
730 502 886 533 injungimus
907 505 933 526 et
956 503 1105 526 mandamus
1126 503 1246 533 quatinus

181 534 348 564 peremptorie
368 534 451 557 citetis
472 542 558 557 omnes
582 535 649 558 dicte
674 535 773 565 Capelle
797 536 941 565 Cauonicos,
966 538 1110 566 ceterosque
1133 535 1248 566 ejusdem

182 567 317 594 Miuistros,
332 567 400 597 quod
413 569 572 597 compareant
584 575 666 591 coram
676 568 754 597 nobis,
767 576 810 591 seu
824 571 921 591 nostras
937 568 1002 591 vices
1014 568 1167 598 gerentibus,
1180 568 1248 591 dicto

182 600 229 629 die,
242 599 268 622 in
286 600 373 623 eadem
391 600 491 630 Capella
508 602 593 623 nostra
610 601 641 623 de
655 601 946 630 Boseham,—Canonici,
962 601 1084 630 videlicet,
1102 601 1247 631 supradicti,

182 632 297 655 Titulum
306 632 326 655 si
336 640 411 662 quem
421 633 530 655 habeant
540 633 694 656 Canonicum
704 641 778 664 super
786 634 941 657 assecucione
950 634 1137 657 Prebendarum
1146 641 1250 657 suarum

182 665 208 688 iu
233 665 333 695 Capella
355 667 493 688 memorata
517 665 674 695 exhibituri;
702 667 784 695 ceteri,
807 675 871 695 vero,
895 674 922 690 ac
945 666 993 697 ipsi
1018 666 1135 690 Oanonici
1157 666 1250 690 facturi

183 700 209 721 et
228 697 353 728 recepturi
371 698 439 728 quod
460 698 607 728 hujusmodi
623 699 781 722 Visitacionis
805 702 889 722 nostre
908 699 1023 723 Officium
1041 699 1067 722 in
1085 707 1111 722 se
1129 699 1206 730 exigit
1223 701 1250 722 et

183 730 296 761 requirit.
332 731 366 753 Et
384 731 446 761 quid
463 731 489 754 in
512 731 638 761 premissis
654 732 762 755 feceritis
784 740 835 761 nos,
854 740 897 755 seu
921 734 1019 755 nostras
1040 732 1105 755 vices
1128 734 1249 762 gerentes,

183 762 245 786 citra
261 763 358 786 dictum
375 764 447 792 diem,
467 771 510 793 per
528 764 624 787 Literas
640 767 736 787 vestras
755 765 879 794 Patentes,
892 764 983 788 harum
1001 764 1090 788 seriem
1106 767 1131 788 et
1149 765 1251 788 nomina

183 796 318 819 citatorum
336 796 500 825 continentes,
514 799 598 826 aperte
616 799 642 820 et
656 797 775 820 distincte
793 797 1074 820 certificetis—Datum
1092 797 1160 828 apud
1173 798 1249 820 Farn-

183 829 255 858 done,
274 829 317 859 xxj
339 829 379 852 die
403 829 554 857 Decembris
574 829 647 852 Anno
672 830 773 853 Domini
797 831 836 853 Μυ
858 830 933 854 ΟΟΟῠ
950 829 1051 853 11(>11ο.”1
1086 830 1249 861 Hujusmodi,

181 861 266 891 igitur,
286 861 435 884 auctoritate
455 862 568 884 Mandati
585 863 661 885 vestri
680 863 816 892 reverendi,
834 870 919 886 omnes
936 865 962 886 et
980 863 1091 893 singulos
1113 863 1250 886 canonicos

182 894 249 917 dicte
267 894 366 924 Capelle
383 894 413 917 de
432 894 599 923 Bosehani,i11
615 895 694 918 stallis
714 895 766 918 suis
784 896 809 918 in
826 896 893 918 (licta
911 895 1018 926 Capella,
1032 897 1107 926 prout
1126 896 1157 919 de
1171 895 1249 926 ipsius

184 927 284 957 Capelle
306 927 488 950 consuetudine
512 927 633 950 hactenus
656 928 780 951 usitatum
804 928 897 957 existit,
922 936 949 951 ac
972 928 1082 951 Vicarios
1106 930 1132 951 et
1155 931 1250 952 ceteros

185 959 314 982 Ministros
332 959 447 989 ejusdem
467 960 492 982 in
512 960 635 983 Domibus
650 961 701 983 suis
719 961 884 991 peremptorie
904 960 979 984 citavi
997 961 1065 991 quod
1083 963 1250 991 compareant,

184 992 224 1015 die
242 994 268 1015 et
285 992 338 1015 loco
355 992 513 1022 supradictis,
526 993 558 1015 ad
576 993 718 1016 faciendum
736 994 805 1023 quod
820 993 917 1016 dictum
931 994 1080 1017 Mandatum
1095 993 1122 1017 in
1134 1001 1160 1017 se
1172 994 1251 1024 exigit

184 1027 210 1048 et
229 1025 343 1055 requirit.
392 1025 506 1054 Nomina,
531 1033 596 1052 vero,
617 1026 743 1049 (lictorum
766 1026 901 1049 citatorum
923 1026 949 1049 in
972 1026 1067 1049 Cedula
1089 1026 1251 1050 Presentibus

183 1065 280 1081 annexa
292 1057 408 1080 seriosius
420 1058 589 1081 continentur.
626 1059 660 1081 Et
672 1059 706 1082 sie
721 1059 871 1082 Mandatum
887 1061 1000 1082 vestrum
1017 1066 1074 1082 sum
1086 1061 1251 1084 executus.—

184 1090 280 1114 Datum
290 1091 357 1121 apud
370 1090 499 1120 Boseham‚
512 1091 538 1121 iij
553 1091 638 1114 Nonas
650 1091 666 1115 J
668 1092 764 1114 aunarii
778 1090 803 1122 [3
816 1090 893 1122 Jan.]‚
906 1092 980 1115 Anno
989 1092 1140 1122 supradicto.

218 1147 294 1178 Copia
309 1147 396 1172 Oeclulc
408 1148 436 1171 de
448 1156 495 1178 qua
507 1149 534 1171 in
549 1148 721 1179 Certzficatorz'o
727 1149 759 1179 fit
770 1148 861 1172 mencio
873 1148 929 1172 talis
941 1152 972 1172 est
983 1159 1023 1173 :-—

88 1181 515 1219 DominusRadulphusdeHyng-]
677 1182 801 1205 Dominus
828 1182 968 1205 Willelmus
990 1182 1021 1205 de
1048 1182 1105 1221 La]

119 1214 186 1243 ham,
511 1235 515 1244 ,
712 1215 782 1243 Hale,
795 1214 923 1245 parochus,

87 1246 354 1277 MagisterStephanus
362 1247 393 1270 de
405 1246 491 1270 Chest-
678 1248 802 1271 Dominus
817 1247 961 1278 Stephanus
973 1247 1005 1270 de
1017 1247 1081 1271 Mid-

120 1280 200 1303 hunte
710 1281 797 1303 hurste

89 1298 213 1336 Dominus
221 1312 237 1336 J
239 1312 349 1335 ohannes
359 1312 390 1335 de
400 1312 491 1341 Lewes,
584 1335 589 1342 ,
678 1299 805 1336 Dominus
815 1313 830 1336 J
833 1313 942 1336 ohannes
954 1313 985 1336 de
997 1312 1081 1343 Virga,
1123 1314 1235 1337 VICARH.

88 1345 213 1368 Dominus
229 1345 357 1368 Amaneus
373 1345 404 1368 de
423 1345 491 1368 Pela·
512 1368 516 1377 Ι
535 1329 669 1353 CABONICI.
679 1346 803 1369 Dominus
824 1346 964 1369 Willelmus
985 1346 1016 1369 de
1035 1346 1080 1369 Lo-

146 1386 150 1390 ·
170 1386 183 1401 a
512 1381 516 1391 ¹
720 1387 732 1401 v
780 1387 799 1404 e.

88 1386 212 1434 Dogrialilnils
225 1410 346 1434 Ricardus
359 1410 393 1433 Le
405 1411 482 1439 Brun,
679 1381 803 1435 aniiiitus
816 1411 941 1435 Walterus
957 1411 988 1435 de
1005 1412 1105 1459 Bern]

90 1443 217 1467 Dominus
224 1443 347 1467 Walterus
357 1443 387 1466 de
392 1443 493 1472 WVelwe,
711 1444 778 1474 ham,

123 1475 233 1500 Sacrista
244 1479 265 1500 et
284 1475 428 1505 Oanonz'cus,

680 1513 807 1537 Johannes
824 1513 920 1543 Phelip,
1126 1527 1232 1551 CLERICI

681 1547 804 1569 Henricus
817 1547 847 1569 (le
866 1545 1050 1576 Bradebrugge,
1233 1544 1238 1550 ”

681 1579 809 1602 Johannes
821 1579 852 1602 de
864 1578 995 1607 Boseham,

220 1611 369 1637 Navita:—

157 1646 281 1670 Dominus
299 1645 448 1676 Radulphus
465 1645 496 1668 de
514 1645 657 1676 Hyngham,
676 1644 816 1668 Canonicus
833 1646 859 1667 et
874 1643 1056 1667 Prebendarius
1074 1642 1140 1666 dicte
1157 1641 1256 1672 capelle

189 1680 221 1702 de
233 1679 363 1708 Boseham,
376 1680 478 1701 vocatus
490 1678 521 1701 ad
534 1679 673 1701 secundum
686 1678 758 1700 Diem
771 1677 915 1701 Juridicum
926 1679 984 1707 post
996 1677 1101 1699 Festum
1117 1674 1256 1706 Epiphanie

190 1711 293 1735 Domini
305 1711 485 1741 supradictum,
494 1711 525 1734 ad
538 1711 723 1734 ostendendum
735 1709 852 1733 'situlum
864 1717 947 1737 suum,
956 1709 1082 1732 mediante
1094 1716 1144 1739 quo
1157 1707 1256 1744 optinet

190 1745 284 1768 dictam
299 1744 460 1772 Prehendam,
473 1743 613 1774 comparuit
625 1751 668 1773 per
685 1743 824 1766 Dominum
837 1742 982 1771 Walterum,
996 1741 1130 1765 Sacristam
1143 1740 1256 1771 ejusdem

191 1776 257 1806 Loci,
281 1776 443 1807 capellanum,
468 1777 658 1799 Procuratorem
681 1784 762 1804 suum,
788 1775 860 1805 cujus
878 1774 1045 1798 Procuratorii
1068 1773 1138 1810 copiti
1157 1774 1256 1796 retenta

189 1817 264 1840 super
275 1809 431 1833 assecucione
443 1809 508 1832 dicte
518 1809 654 1837 Prebende,
667 1808 767 1831 nomine
780 1807 882 1831 Domini
893 1807 933 1830 sui
947 1806 1025 1830 nichil
1036 1806 1151 1829 exhibuit
1165 1813 1171 1834 ;
1188 1804 1257 1842 unde

189 1842 264 1866 datus
273 1844 311 1865 est
323 1841 370 1864 sibi
382 1842 434 1865 dies
446 1841 577 1870 crastinus,
591 1849 634 1871 per
646 1841 783 1864 Dominum
796 1840 956 1870 Episcopum,
968 1839 993 1862 in
1008 1839 1109 1870 Capella
1120 1838 1255 1874 antedlcta,

188 1875 221 1898 ad
232 1874 375 1898 faciendum
387 1874 493 1897 ulterius
506 1874 573 1904 quod
586 1874 627 1904 jus
640 1874 752 1897 dictabit.
790 1873 887 1901 Quibus
899 1872 939 1895 die
951 1874 978 1895 et
989 1872 1049 1901 loco,
1063 1871 1130 1895 dicto
1144 1871 1254 1907 Domino

190 1907 323 1937 Radulpho
342 1914 424 1930 coram
442 1907 567 1937 Magistris
584 1906 703 1929 Nicholao
720 1906 751 1929 (le
768 1906 837 1934 Hele,
857 1904 981 1929 Canonico
997 1904 1023 1927 in
1043 1903 1152 1927 Ecclesia
1169 1903 1256 1927 Sancti

190 1939 327 1967 Carantoni,
341 1941 367 1962 et
384 1939 509 1962 Willelmo
526 1939 556 1962 de
572 1939 708 1968 Wolleghe,
722 1939 826 1961 Hectore
844 1937 953 1961 Ecclesie
969 1937 999 1960 de
1017 1936 1167 1968 Bykeleghe,
1181 1936 1253 1959 Gom-

188 1972 306 1996 missariis
326 1971 429 1995 Domini
450 1971 597 1994 Exoniensis
619 1971 734 2001 Episcopi
758 1970 863 2001 predicti
883 1970 909 1993 in
929 1970 975 1993 hac
998 1972 1068 2000 parte
1092 1968 1253 1999 specialibus,

189 2012 297 2036 quorum
315 2004 503 2028 Commissionis
523 2006 595 2027 tenor
613 2004 717 2027 iuferius
732 2003 883 2032 continetur,
902 2010 945 2033 per
962 2003 1150 2026 Procuratorem
1170 2008 1253 2029 suum,

89 2087 98 2102 1
116 2086 231 2111 Another
242 2093 304 2116 copy
317 2085 342 2108 of
356 2085 407 2108 this
426 2085 544 2108 Mandate
560 2085 580 2108 is
592 2093 645 2115 pre—
729 2084 822 2107 dictam
847 2083 973 2114 Capellam
997 2091 1068 2107 suam
1092 2081 1253 2113 personaliter

122 2119 210 2144 served
226 2126 258 2141 on
274 2118 316 2141 fol.
338 2118 375 2146 46,
393 2117 444 2141 this
465 2118 646 2141 memorandum.
729 2117 838 2146 accessit,
855 2119 881 2139 et
898 2116 1014 2140 Officium
1030 2115 1189 2139 Visitacionis
1207 2122 1252 2138 sue

122 2152 197 2182 being
211 2150 391 2179 addedz—Die,
410 2158 475 2179 vero,
488 2150 646 2174 Visitacionis
729 2150 811 2180 quoad
829 2148 965 2173 Canonieos
979 2151 1005 2172 et
1017 2148 1127 2172 Vicarios
1139 2146 1252 2171 exercuit

122 2183 278 2213 adveniente,
302 2183 426 2207 Dominus
449 2183 588 2214 Episcopus
614 2183 646 2206 ad
729 2182 755 2206 in
767 2182 861 2206 eadem.
