1328 2295
453 172 632 200 GENERAL
657 173 795 199 INDEX.
1127 164 1197 200 173

45 248 77 269 De
84 248 220 278 Sco-petito,
233 249 282 279 qui,
300 250 430 273 secundum
441 250 583 279 peticionem
594 251 697 273 vestram
707 250 775 273 nobis
787 250 811 273 in
822 251 952 273 memorata
962 251 1043 273 nostra.
1053 251 1198 274 Visitatione

44 274 92 294 lari.

133 281 275 308 porrectam,
297 280 351 302 illos
367 287 396 302 ex
413 280 480 302 vobis
502 280 618 302 instruere
638 280 716 303 valeat
733 280 775 309 qui
796 280 908 309 prolicere
929 280 1031 309 cupiunt
1052 281 1077 302 in
1098 281 1198 303 sciencia

133 308 265 338 literarum,
284 310 351 332 vobis
368 310 491 338 providere
508 310 644 332 curabimus
661 316 714 331 cum
732 310 826 332 offerret
842 316 866 331 se
882 310 991 332 facultas
1035 310 1094 338 Has,
1115 310 1196 339 igitur,

134 337 301 361 Ordinaciones
312 340 404 362 nostras
416 340 526 362 similiter
536 341 560 361 et
571 339 664 361 decreta
675 339 749 367 vobis,
768 340 792 361 et
803 339 902 362 cuilibet
913 341 1026 367 vestrum,
1040 341 1157 368 quantum
1168 340 1198 362 ad

133 373 175 390 vcs
189 369 308 397 pertinent
327 369 485 391 communiter
499 369 536 391 vel
554 369 657 396 divisim,
675 369 793 391 mittimus
810 369 956 391 observanda
972 369 996 391 in
1012 369 1102 391 virtute
1117 371 1198 392 sancte

133 396 274 420 Obediencie
295 400 319 421 et
344 398 389 421 sub
410 398 603 421 interminacione
629 398 803 420 maledice-ionis
830 400 908 420 eterne
917 406 923 426 ;
949 398 1016 420 vobis
1038 398 1148 421 omnibus
1175 400 1198 421 et

136 426 235 455 singulis
251 427 351 450 firmiter
366 428 515 456 injungentes
532 428 653 456 quatinus,
672 429 784 456 prompto
802 428 881 450 animo
900 432 924 450 et
944 428 1015 450 alacri
1030 428 1110 450 studio
1126 429 1198 450 susci-

133 456 224 484 pientes
241 463 275 485 ea,
293 457 318 479 in
336 457 444 486 quolibet
460 464 503 479 sno
521 464 584 485 casu,
602 464 656 479 cnm
675 464 768 479 summa
784 457 909 485 diligencia
928 457 1051 479 observare
1068 458 1155 480 curetis
1174 459 1198 480 et

134 485 256 509 observare
268 488 341 515 curet,
354 488 471 516 quantum
482 487 512 509 ad
523 487 602 515 ipsum
613 487 725 515 pertinet,
738 487 839 515 quisque
851 488 956 509 vestrum
966 494 972 514 ;
984 487 1068 509 scituri
1079 494 1122 516 pro
1134 490 1197 510 certo

133 515 197 543 quod
214 516 235 538 si
251 516 389 545 hujusmodi
406 516 494 538 nostris
509 516 707 539 Ordinacionibus
725 518 749 538 et
766 516 871 538 Decretis
885 516 1074 545 contempseritis
1089 516 1125 538 vel
1144 523 1196 539 con-

133 545 258 574 tempserit
269 547 373 568 vestrum
389 546 474 574 aliquis
486 546 588 573 obedire,
607 552 661 567 eum
672 545 741 567 nobis
752 546 885 568 constiterit
895 546 924 568 de
935 546 1020 568 vestris
1035 546 1197 568 inobediencia

133 576 157 596 et
176 576 322 604 contemptu,
344 580 494 598 contumaees
511 577 534 598 et
552 575 650 597 rebelles
668 575 692 596 in
710 575 753 597 hac
770 577 836 604 parte
857 582 918 604 pena
936 575 1055 598 Canonica
1075 576 1193 599 feriemus.

132 603 203 626 Salva
219 605 287 627 uobis
304 606 328 627 et
341 605 518 627 Successoribus
535 605 630 632 nostris,
650 605 773 633 Episcopis
787 605 959 627 Exouiensibus
974 605 1016 634 qni
1034 612 1076 634 pro
1090 606 1197 634 tempore

132 633 228 662 fuerint,
241 636 360 663 potestate
372 635 493 663 premissis
505 634 607 656 addendi
618 641 660 656 seu
670 634 811 656 detrahendi
822 634 917 661 eisdem,
931 635 959 662 si,
972 636 1052 663 prout,
1066 636 1089 657 et
1101 635 1196 663 quaudo

131 663 201 686 nobis
216 665 240 686 et
254 664 311 693 ipsis
323 664 457 686 videbimus
468 671 511 686 seu
522 664 625 686 viderint
635 664 745 692 expedire
756 671 761 691 ;
773 665 797 686 et
808 664 879 685 salvis
887 664 983 692 juribus
995 665 1018 686 et
1026 664 1195 692 jurisdiecione

132 692 234 715 Ecclesie
250 695 331 716 nostre
342 694 481 715 Exoniensis
498 694 522 715 in
539 693 649 715 omnibus
660 695 684 715 et
695 693 801 721 singulis,
822 700 848 715 ae
860 694 933 715 eciam
945 694 1093 721 auctoritate,
1108 694 1195 722 quibus

131 728 174 750 per
184 723 298 751 premissa
309 723 333 745 in
344 723 410 745 nullo
423 723 532 745 volumus
548 730 591 744 nec
605 723 751 744 intendimus
770 723 905 751 aliqualiter
916 723 1034 752 derogare.
1067 723 1195 752 Volumus,

132 752 215 780 eciam,
232 754 256 774 et
269 753 409 775 mandamns
421 753 493 781 quod,
514 753 539 774 in
557 753 649 780 signum
666 754 689 774 et
706 752 870 774 testimonium
890 753 1034 781 recepcionis
1046 752 1196 775 Presencium

132 782 156 803 et
168 782 239 804 vestri
249 782 274 804 111
285 782 329 804 hac
340 783 407 811 parte
418 789 545 804 consensus
557 782 625 803 nobis
637 782 695 803 citra
703 782 800 804 Festum
810 782 897 804 Pasche
909 782 1042 804 rescribatis
1054 789 1096 811 per
1106 783 1197 805 vestras

132 811 243 834 Patentes
254 812 352 839 hiteras,
372 812 455 834 harum
472 812 555 833 seriem
578 811 606 833 de
617 811 688 833 verbo
700 811 729 833 ad
741 811 837 833 verbum
850 811 953 833 dilucide
966 812 1119 834 continentes.
1155 812 1193 839 Et,

131 846 160 862 ne
171 841 285 869 premissa
295 848 337 870 per
347 841 515 870 negligenciam
526 842 626 863 vestram
636 847 676 862 scu
688 841 761 863 eciam
773 841 892 863 inseiciam
904 841 1001 863 forsitan
1010 841 1089 863 minus
1098 842 1196 870 provide

132 877 174 899 per
190 878 285 893 cursum
304 871 418 900 temporis
434 871 548 892 oblivioni
562 870 696 897 tradantur,
713 870 822 892 volumus
840 873 863 892 ct
881 870 1021 893 mandamus
1038 872 1065 893 ut
1082 871 1197 899 premissa

133 900 213 922 omnia
233 902 257 922 et
277 901 371 929 singula
396 901 421 922 in
446 900 498 922 loco
528 900 634 928 Capituli
655 900 713 922 dieti
736 900 881 927 Monasterii,
905 900 988 922 statim
1008 902 1063 929 post
1085 901 1196 922 Psteeiasa

132 930 232 958 singulis
242 930 352 952 Sabbatis
361 930 469 957 Quatuor
479 930 630 958 Temporum,
650 930 674 951 in
689 931 767 951 vestra
785 929 905 958 presencia
919 930 1073 958 publicentur
1085 930 1196 959 iutelligi-

132 959 212 981 biliter
230 961 254 982 et
272 960 450 988 legantur.—In
471 959 540 987 eujus
558 959 598 986 rei,
618 959 783 981 eto—Datum
807 958 872 987 apud
893 959 961 987 onst,
984 959 1029 988 vij⁰
1050 960 1088 982 die
1109 960 1196 982 mensis

133 988 262 1018 Februarii,
278 991 347 1011 Anno
359 989 455 1011 Domini
467 989 595 1011 Millesimo
607 989 697 1011 CCCm0
708 989 798 1011 decimo
810 995 886 1017 nono;
904 989 954 1013 147.

162 1027 244 1050 Litera
255 1027 283 1050 cle
293 1027 617 1056 ‘renzocz'mlefamMoram,—

103 1064 231 1094 Walterus,
260 1066 415 1095 permissione
432 1065 519 1087 Divina
538 1065 676 1087 Exoniensis
695 1065 834 1094 Episcopus,
859 1065 946 1087 dilecto
970 1065 995 1087 in
1014 1065 1109 1088 Christo
1136 1065 1194 1094 filio,

133 1095 235 1117 Domino
246 1095 359 1123 Johanni,
369 1095 412 1117 Dei
423 1095 501 1124 gracia
508 1094 598 1116 Abbati
610 1094 767 1122 Hertilondie,
780 1095 890 1122 salutem,
904 1095 1042 1122 eto—Quia
1052 1102 1102 1123 nos,
1112 1102 1195 1124 nuper,

132 1125 157 1148 in
168 1125 312 1147 Monastorio
323 1126 401 1147 vestro
413 1125 519 1153 predicto
527 1124 680 1146 Visitacionis
691 1126 770 1146 nostre
780 1124 890 1146 debitum
901 1124 1003 1146 officium
1012 1125 1066 1152 jure
1078 1125 1197 1147 ordinario

131 1156 272 1182 exercentes,
287 1155 421 1176 invenimus
432 1154 494 1176 inter
505 1155 581 1176 cetera
592 1153 656 1182 quod
667 1154 763 1182 quidam
776 1154 847 1182 Hugu
859 1153 880 1175 le
893 1153 964 1182 Coke,
973 1154 1077 1176 Thomas
1088 1154 1194 1184 clericus¹

131 1186 155 1207 et
164 1184 282 1206 Robertus
291 1183 372 1211 Cloka,
382 1184 509 1206 familiares
521 1183 579 1205 dicti
592 1183 729 1205 Menas-terii
741 1185 764 1205 et
778 1183 889 1211 Abbatis,
898 1185 993 1205 tantum
1005 1184 1128 1206 Canonicis
1140 1186 1197 1207 sunt

131 1214 196 1236 exosi
207 1213 272 1242 quod
283 1214 332 1235 sine
343 1213 453 1235 scandalo
465 1213 573 1235 tumultu
585 1214 608 1234 et
626 1213 741 1234 discordie
753 1213 851 1234 materia
862 1213 886 1234 in
897 1213 1011 1241 obsequio
1022 1213 1159 1236 Monasterii
1171 1216 1195 1236 et

130 1243 232 1266 Abbatis
248 1243 344 1265 retineri
361 1250 407 1265 non
424 1244 534 1271 possunt,
546 1242 618 1270 ipsos,
631 1242 686 1264 licet
702 1249 773 1271 super
784 1242 864 1271 aliquo
878 1242 939 1264 vicio
956 1243 1132 1265 racionabiliter
1148 1250 1195 1266 non

131 1274 259 1301 convictos,
276 1280 319 1301 pro
333 1273 394 1295 bono
409 1274 489 1295 tamen
506 1271 606 1294 unitatis
621 1273 645 1294 et
661 1272 725 1300 pacis
742 1272 771 1293 ab
787 1272 868 1293 officiis
880 1272 929 1294 suis
940 1279 985 1300 (1110
996 1279 1058 1294 1111110
1070 1272 1159 1295 habent
1170 1274 1194 1295 in

130 1304 208 1325 vestro
221 1302 373 1330 Monasterio,
391 1303 415 1324 et
427 1309 441 1324 a
455 1302 553 1324 servicio
569 1303 647 1323 vestro
659 1302 683 1323 et
694 1301 752 1323 dicti
765 1301 902 1323 Monasterii
913 1301 963 1323 fore
974 1301 1122 1324 decernimus
1134 1303 1193 1325 citra

131 1332 222 1354 Pascha
238 1333 346 1360 proximo
363 1332 473 1354 futurum
490 1331 598 1353 totaliter
614 1331 764 1358 amovendos,
781 1332 805 1353 et
816 1331 845 1353 ad
857 1331 903 1352 alia
914 1331 990 1353 officia
1000 1331 1038 1353 vel
1049 1331 1139 1360 eadem,
1152 1339 1195 1354 seu

130 1362 160 1384 ad
179 1361 275 1391 aliquod
296 1361 422 1383 servicium
442 1362 548 1383 vestrum
567 1360 604 1382 vel
622 1360 759 1382 Monasterii
781 1361 831 1382 sinc
852 1367 968 1382 consensu
989 1360 1133 1388 Conventus,
1156 1362 1194 1384 vel

130 1391 226 1420 majoris
242 1391 317 1419 partis
329 1391 442 1419 ejusdem,
461 1390 598 1412 nullatenus
610 1390 770 1417 resumendos,
790 1390 835 1412 sub
846 1397 907 1418 pena
917 1390 941 1412 xl
958 1390 1074 1412 librarum
1085 1391 1192 1420 sterling-

130 1428 195 1444 orum
208 1421 232 1443 in
240 1421 363 1443 Fabricam
371 1420 473 1443 Ecclesie
480 1422 558 1442 nostre
568 1420 706 1441 Exonieusis
718 1426 761 1448 pro
772 1421 852 1442 nostro
864 1419 961 1441 arbitrio
973 1420 1190 1443 convertendarum.

131 1451 174 1473 Per
189 1450 241 1478 hoc,
260 1451 347 1478 tamen,
366 1457 413 1472 nou
430 1449 576 1472 intendimus
595 1449 659 1477 quod
676 1449 704 1471 de
716 1450 792 1471 cetero
809 1449 937 1471 familiares
955 1449 979 1471 M
983 1450 1094 1471 onasterii
1111 1450 1192 1478 vestri,

128 1480 245 1509 assumpti
264 1486 306 1508 per
323 1486 364 1502 vos
376 1480 412 1501 vel
428 1486 572 1501 successores
587 1480 677 1500 vestros
695 1479 731 1501 vel
750 1478 893 1506 assumendi,
910 1479 939 1500 ad
956 1479 1081 1501 clamorem
1093 1479 1193 1502 Canoni-

129 1517 210 1532 corum
227 1509 340 1532 removeri
357 1509 459 1531 debeant
473 1509 562 1537 absque
579 1508 622 1530 tali
634 1515 704 1530 causa
715 1510 797 1530 contra
807 1515 846 1530 eos
858 1508 981 1537 proposita
992 1510 1015 1530 et
1026 1508 1134 1537 probata,
1147 1516 1193 1538 que

129 1539 214 1561 debeat
231 1539 381 1561 racionabilis
399 1539 454 1560 boni
472 1538 516 1560 viri
533 1537 632 1560 arbitrio
649 1538 761 1566 reputari.
796 1538 826 1560 Et
844 1538 901 1566 quid
919 1544 990 1566 super
1010 1538 1057 1560 hiis
1075 1538 1192 1561 duxeritis

128 1568 262 1591 faciendum
275 1569 353 1596 nobis,
370 1568 432 1590 infra
447 1575 477 1590 xv
493 1568 542 1589 dies
560 1574 573 1589 a
584 1567 641 1589 dato
653 1567 810 1594 presencium,
824 1574 866 1595 per
878 1567 967 1589 Literas
979 1569 1069 1589 vestras
1082 1568 1192 1590 Patentes

128 1598 212 1620 harum
228 1598 312 1620 seriem
328 1598 475 1620 continentes
491 1596 594 1619 dilucide
611 1597 877 1619 rescribatis—Datum
889 1597 986 1625 Exonie,
1004 1597 1040 1625 vjo
1052 1597 1090 1620 die
1105 1598 1192 1620 mensis

129 1627 258 1656 Februarii,
272 1628 341 1650 Anno
353 1627 449 1650 Domini
461 1627 506 1649 ΜΟ.
521 1627 620 1649 CCCfflO.
635 1627 725 1648 decimo
737 1633 798 1648 nono
810 1634 815 1654 3
836 1626 885 1649 148.

127 1666 182 1698 See
199 1666 349 1708 Olovelly
362 1679 369 1705 ;
393 1666 452 1698 87:
476 1665 774 1704 Mai-hameliurch3
799 1665 869 1698 1‘74.

41 1717 179 1755 -J0hn,
192 1718 303 1750 Abbat
318 1718 361 1755 of,
373 1729 420 1750 see
436 1717 705 1749 Viears-General
719 1729 725 1755 3
748 1716 789 1750 77
804 1729 809 1748 :
833 1717 1039 1748 Launceston
1055 1716 1171 1759 Priory
1184 1730 1190 1757 ;

127 1763 197 1793 115.
242 1761 311 1793 The.
327 1761 438 1793 Abbat
460 1761 526 1792 and
543 1761 694 1793 Convent
710 1771 794 1792 were
811 1760 949 1792 Patrons
972 1760 1007 1792 of
1023 1760 1193 1804 Freming-

126 1807 184 1837 ton
198 1817 205 1844 ;
229 1804 325 1836 152b:
349 1805 539 1843 Launcells;
563 1804 648 1836 lssssb.

41 1856 215 1899 Hartleigh
231 1856 454 1899 [Ηο1·1;01ος1107
471 1856 564 1897 ΜΞ.],
580 1867 627 1888 see
643 1855 753 1897 Halap
770 1855 968 1896 (Oratories)
981 1867 987 1895 ;
1011 1857 1060 1888 49.

41 1908 269 1946 Haselschaue,
285 1909 409 1940 Robert
426 1909 474 1946 de,
490 1908 605 1940 Canon
622 1907 656 1940 of
673 1908 848 1946 Exeter,——

106 1961 208 1984 Licence
219 1961 245 1984 of
264 1961 452 1985 non-residence
464 1961 502 1984 for
513 1969 528 1984 a
545 1969 610 1991 year,
628 1963 655 1984 to
673 1961 732 1984 stud
734 1968 758 1991 y,
777 1963 831 1990 etc„
850 1960 913 1984 “die
926 1960 997 1984 Lune
1009 1961 1121 1991 proxima
1133 1964 1191 1985 ante

138 1994 241 2017 Festum
260 1994 346 2017 Sancti
357 1994 484 2017 Valentini
494 1992 507 2002 ’³
525 1994 565 2022 (11
586 1993 653 2021 Feb„
675 1993 793 2022 1313-14)
808 2002 813 2022 3
832 1991 882 2016 82¹³.
919 1993 957 2016 He
970 2001 1019 2016 was
1037 1993 1190 2017 “Provost'’

136 2026 162 2049 of
183 2026 276 2055 Wells;
294 2033 327 2050 see
347 2034 408 2057 page
429 2027 442 2049 9
463 2026 548 2055 (note);
568 2026 656 2056 also,L
677 2026 731 2055 214,
752 2026 802 2049 and
821 2025 914 2057 Regist.
933 2026 1125 2056 Drokeuesford,
1144 2027 1189 2050 Ed.

137 2058 270 2089 Hobhouse,
282 2066 323 2089 pp.
338 2058 375 2087 76,
388 2059 426 2089 86,
440 2059 494 2083 201.

42 2097 268 2138 Haselsehaue,
284 2099 424 2131 Thomas
440 2099 489 2138 de,
506 2110 553 2131 see
568 2109 651 2143 page
669 2100 709 2131 16
728 2099 871 2142 (supra).
