1328 2295
444 145 627 171 GENERAL
651 145 789 170 INDEX.
1123 133 1194 169 405

130 224 211 245 nostra
236 223 330 245 Diocesi
355 223 468 245 hactenus
494 222 596 250 usitatis,
628 223 678 244 tam
704 221 765 244 circa
791 221 958 243 admissionem
984 221 1008 242 et
1034 219 1193 248 repulsionem

130 252 329 281 Archipresbiteri
347 253 469 274 memorati
486 252 515 274 de
533 252 621 281 quibus
638 258 710 280 supra
728 251 755 273 fit
776 251 874 277 mencio,
897 250 1059 272 moderacione
1079 249 1194 278 temporis

130 282 281 309 presentandi
291 282 418 304 dumtaxat
428 283 533 310 excepta,
547 281 634 310 quibus
646 288 687 310 per
698 281 812 309 premissa
823 280 932 308 derogare
943 287 990 301 non
1002 279 1155 306 intendimus,
1168 278 1193 300 in

130 318 174 333 suo
190 312 273 334 robore
289 312 393 340 plenarie
407 312 536 333 duraturis.
568 311 665 338 Tenore,
678 311 759 338 eciam,
774 310 923 332 Presencium
935 309 1089 338 prohibemus
1101 315 1129 330 118
1140 308 1194 337 (11113

130 341 305 369 capellanorum
316 341 463 369 hujusmodi,
476 347 626 369 quocumque
637 340 713 362 colore
724 339 825 368 quesitO,
838 339 861 360 in
879 339 931 360 aliis
942 338 1052 360 Ecclesiis
1064 338 1147 360 vicinis
1156 337 1194 359 vel

130 370 191 392 circa
207 371 273 393 aliud
283 371 450 399 quodcumque
462 370 616 399 Obsequium,
633 370 742 391 Divinum
755 369 865 391 videlicet
877 368 913 390 rel
930 368 1068 395 humanum,
1082 374 1194 396 quorum-

130 406 231 429 cumque
247 400 386 422 clericorum
401 401 443 422 aut
464 400 578 422 laicorum
599 400 710 428 precepto
731 405 772 420 seu
793 405 869 427 prece,
895 397 1029 419 ministrare
1050 403 1092 419 seu
1113 403 1194 418 vacare

130 430 286 458 quovismodo
307 430 390 458 valeat,
414 430 473 451 dum
494 430 599 458 ipsorum
616 428 815 457 Archipresbiteri
837 434 878 449 seu
900 427 1075 456 capellanorum
1096 432 1195 448 numero

130 459 233 481 voluerit
244 460 360 488 aggi-egam*
373 466 377 486 ;
394 459 458 488 quod
474 459 493 480 si
504 465 571 481 secus
582 459 664 487 egerit,
677 465 726 485 nee,
739 458 811 480 tercio
827 464 869 486 per
880 457 1025 485 Episcopum
1036 456 1193 478 Exoniensem

132 488 168 510 vel
180 489 231 517 ejus
243 488 379 516 Officialem,
393 488 591 511 Archidiaconum
604 488 715 510 Tottonie
727 487 761 509 vel
775 487 826 515 ejus
838 486 975 514 011101018111,
988 486 1025 507 vel
1036 485 1155 507 Abbatem
1166 484 1195 506 (le

130 517 256 540 Tavistoke
268 519 309 547 qui
320 525 362 547 pro
374 520 479 546 tempore
492 518 570 545 fuerit,
583 524 625 539 seu
636 524 678 545 per
689 518 845 538 memoratum
856 515 1090 544 Archipresbiterum
1102 515 1121 537 si
1133 514 1194 536 forte

130 554 188 569 suus
199 547 294 570 inferior
305 548 431 576 deliquerit
443 548 466 569 in
483 547 611 575 premissis,
624 547 790 573 commonitus,
803 546 906 567 noluerit
918 552 931 567 a
941 544 1030 567 talibus
1042 544 1167 571 abstinere,
1181 551 1195 566 a

129 577 178 599 suis
199 577 287 599 ibidem
308 577 396 599 habitis
417 577 530 599 beneficio
551 578 575 598 et
596 576 671 598 officio
692 576 724 597 sit
745 576 797 604 ipso
815 576 869 604 jure
890 575 997 603 privatus
1017 576 1041 596 et
1058 574 1088 596 ab
1106 573 1195 595 eisdem

129 608 277 629 removeatur
298 607 400 634 omnino⁷
423 608 447 628 et
468 606 527 628 alius
549 606 598 628 vice
620 606 657 627 sui
680 605 752 633 juxta
778 605 877 626 formam
902 604 1066 632 precedentem
1087 603 1193 631 ydoneus

129 635 278 665 subrogetur.
311 636 440 664 Quantum,
454 637 542 663 autem,
556 635 585 657 ad
602 636 691 657 statum
708 635 756 656 31νο
772 635 871 662 gradum
888 634 949 655 inter
960 633 1193 662 Archipresbiterum

130 666 154 687 et
172 665 230 687 alios
247 666 390 694 presbiteros
408 665 553 692 habendum,
571 665 699 687 statuimus
720 666 751 692 et)
764 664 793 686 de
810 664 927 685 dictorum
945 663 1034 684 Decani
1050 664 1074 685 et
1086 662 1193 691 Capituli

130 702 245 717 consensu
261 695 374 723 unanimi,
388 695 524 717 ordinamus
536 694 599 723 quod
617 694 655 716 0111
674 694 777 722 regimen
794 693 870 715 tocius
887 692 992 721 predicte
1004 692 1106 714 Ecclesie
1118 693 1141 714 et
1152 698 1194 713 sue

130 724 242 746 Parochie
268 725 340 747 cicius
366 726 402 747 est
428 724 587 751 commissum,
615 730 694 752 quem,
723 725 751 745 ut
777 723 932 751 predixiiiiUS,
960 721 1193 750 Archipresbiteruni

130 754 245 776 nominari
271 754 389 782 volumus,
417 756 441 776 et
467 754 507 782 qni
534 754 562 775 de
585 753 681 781 juribus
706 752 886 781 Episcopalibus
912 754 935 773 et
957 751 1193 774 Archidiaconalibus

129 783 250 805 tenebitur
260 784 408 812 respondere,
418 784 446 805 de
456 784 524 805 bonis
532 783 593 805 dicte
604 783 705 804 Ecclesie
715 782 787 804 libere
796 781 935 810 disponendi
945 781 1031 803 habeat
1038 781 1176 803 facultatem
1188 786 1193 806 3

128 813 170 841 ita,
183 814 269 841 tamen,
283 813 347 842 quod
363 815 413 835 tam
430 813 480 842 ipse
496 820 567 842 quam
586 813 625 834 alii
639 812 763 840 presbiteri
775 818 816 833 seu
828 811 968 838 sacerdotes,
981 817 1040 839 quos
1052 817 1107 832 suos
1119 810 1194 832 socios

130 842 261 871 appellabit
282 845 306 865 et
327 843 437 865 volumus
459 842 580 871 appellari,
604 842 627 864 in
646 842 726 863 eadem
746 841 817 863 1101110
838 841 910 862 31111111
929 840 1015 862 cotidie
1033 846 1058 861 se
1077 839 1148 861 semel
1170 840 1194 861 et

130 872 239 894 similiter
249 873 355 894 reficiant
365 877 389 894 et
400 872 509 894 habitent
520 872 543 893 in
552 872 678 898 communi,
688 871 799 899 quodque
811 870 873 892 idem
883 869 1073 898 Archipresbiter
1084 869 1113 891 de
1126 869 1193 891 bonis

130 901 262 923 redditibus
274 904 297 924 et
308 902 462 930 proventibus
474 902 536 923 dicte
546 901 647 923 11001031(ὶ
659 901 757 929 singulis
769 900 930 922 sacerdotibus
942 906 983 927 per
994 899 1098 927 singulos
1110 905 1191 926 annos,

130 931 192 953 inter
213 931 283 953 Festa
304 932 371 954 Beati
393 931 515 953 Michaelis
534 932 558 953 et
579 931 691 952 Omnium
713 930 861 957 Sanctorum,
884 936 926 957 pro
948 935 995 950 una
1016 928 1073 950 roba
1091 928 1194 950 duorum

130 961 331 988 garnimentorum
349 961 377 983 de
395 968 442 983 una
459 962 529 987 secta,
547 962 571 982 et
589 960 617 982 de
635 967 682 988 qua
700 960 800 988 ipsemet
818 958 1014 987 Archipresbiter,
1033 958 1054 979 31
1072 958 1113 979 1110
1133 964 1195 979 anno

130 990 216 1012 habere
233 997 293 1012 nora
311 990 449 1012 indumenta
467 990 575 1017 voluerit,
596 990 663 1011 indui
683 990 752 1011 saciet
770 990 844 1010 semet
861 989 955 1016 ipsum:
973 987 1079 1016 alioquin
1098 987 1126 1009 de
1148 987 1194 1009 alia

130 1020 294 1048 preeiiviginti
302 1020 429 1042 solidorum
442 1020 606 1047 sterlingorum
620 1020 682 1041 inter
693 1019 798 1047 predicta
809 1018 856 1040 duo
869 1018 938 1039 Festa
949 1017 1069 1039 tenebitur
1079 1017 1193 1044 liberare3

130 1050 154 1070 ct
165 1049 331 1071 nichilominus
345 1050 404 1071 duas
415 1056 505 1071 mareas
520 1049 684 1077 sterlingorum
702 1055 744 1076 pro
756 1048 808 1070 aliis
819 1048 955 1069 necessariis
966 1047 1033 1068 annis
1045 1046 1151 1075 singulis,
1165 1046 1195 1068 ad

131 1078 252 1100 'l'erminos
264 1079 372 1106 Quatuor
384 1079 534 1107 Principales,
553 1079 661 1100 videlicet
679 1078 772 1099 Natalis
789 1078 892 1104 Domini,
907 1076 1002 1103 Pasche,
1017 1076 1157 1098 Nativitatis
1169 1076 1192 1098 S.

130 1107 247 1130 Johannis
259 1109 375 1137 Baptiste,
388 1110 411 1130 et
428 1109 495 1130 Beati
508 1108 630 1130 Michaelis
647 1108 670 1129 in
687 1107 828 1135 Septembri,
843 1114 884 1135 pro
901 1106 1025 1135 equalibus
1041 1105 1194 1134 porcionibus

130 1138 236 1165 ipsorum
257 1138 442 1166 presbiterorum
463 1145 504 1159 seu
526 1137 674 1159 sacerdotnm
696 1137 794 1158 cuilibet
820 1137 960 1158 ministrare.
1009 1135 1063 1163 Qui,
1086 1135 1191 1163 quidem,

132 1167 322 1195 Archipresbiier
337 1169 386 1189 tam
403 1168 427 1189 in
444 1167 649 1189 ntlininistraeione
667 1167 791 1193 bonorum,
805 1167 832 1188 111
844 1166 999 1194 premittitur,
1013 1172 1085 1193 quam
1096 1165 1193 1186 honoris

132 1197 280 1224 prerogativa
293 1198 376 1219 ceteris
395 1197 532 1225 preseiatur,
551 1197 603 1218 aliis
618 1196 754 1224 presbiteris
771 1203 812 1217 seu
829 1195 989 1217 sacerdotibus
1006 1195 1068 1216 inter
1083 1201 1107 1216 se
1123 1194 1193 1216 illum

131 1226 229 1254 gradum
241 1227 264 1248 in
276 1227 373 1248 sedibus
384 1229 407 1248 et
418 1227 470 1248 aliis
479 1233 548 1255 quem
559 1226 615 1247 ordo
623 1226 736 1254 temporis
745 1233 792 1254 quo
804 1225 827 1246 111
835 1225 947 1246 societate
959 1224 1096 1251 hujusmodi
1105 1224 1194 1246 suerint

132 1255 178 1277 illis
190 1256 327 1278 attribuerit
338 1256 463 1283 habituris,
471 1256 542 1284 juxta
553 1256 626 1284 legem
639 1263 685 1284 qne
697 1255 755 1276 dicit
766 1255 829 1283 quod
841 1255 860 1276 13
871 1254 958 1282 gradus
969 1256 1058 1276 ceteros
1069 1254 1193 1275 antecedat

130 1292 199 1313 quem
212 1285 235 1307 in
247 1285 328 1307 eodem
346 1292 427 1314 genere
445 1286 563 1307 militandi
582 1285 647 1306 labor
664 1285 777 1313 prolixior
789 1284 874 1306 fecerat
886 1284 983 1306 anteire.
1016 1283 1076 1311 Sint,
1089 1290 1190 1312 quoque,

130 1315 177 1336 tres
195 1315 230 1336 illi
248 1315 379 1337 sacerdotes
396 1316 525 1337 memorato
546 1314 748 1342 Archipresbitero
769 1314 792 1335 in
809 1314 921 1335 exercicio
939 1319 993 1335 cure
1015 1313 1148 1334 animarum
1169 1313 1193 1334 in

130 1344 235 1372 predicta
247 1344 361 1366 Parochia
377 1345 457 1366 fideles
474 1346 497 1366 et
514 1344 600 1366 soliciti
612 1345 781 1372 cooperatores,
795 1344 945 1365 Sat-lamenta
956 1343 998 1372 [et]
1011 1342 1194 1365 Sacramentalia

132 1373 280 1396 parochianis
293 1374 357 1403 ipsis,
371 1381 424 1396 cum
436 1381 496 1402 opus
507 1374 587 1398 suerit,
602 1374 757 1395 ministrando
771 1380 775 1399 3
793 1373 822 1394 nd
834 1373 897 1401 quod
909 1373 1042 1394 faciendum
1054 1372 1193 1400 hujusmodi

129 1403 271 1431 presbiteros
283 1410 324 1425 seu
336 1404 467 1425 sacerdotes
485 1406 508 1425 et
520 1403 650 1432 quemlibet
667 1403 793 1424 eorundem
811 1410 852 1431 per
870 1402 929 1423 hane
941 1405 1045 1424 nostram
1057 1401 1192 1423 Ordinacio-

130 1439 182 1454 nem
204 1433 303 1455 firmiter
324 1433 463 1461 obligamus.
497 1433 694 1461 Archilneshitcr,
719 1439 780 1459 vero,
804 1434 947 1454 memoratus
969 1434 992 1454 et
1019 1431 1121 1459 quilibet
1141 1431 1192 1459 ejus

129 1468 255 1489 successor,
270 1463 292 1484 in
310 1469 353 1484 sua
372 1463 525 1485 Institutione
543 1469 584 1484 seu
602 1462 758 1489 Admissimw,
778 1462 814 1483 vel
832 1468 902 1490 quani
920 1462 967 1483 vito
985 1464 1074 1490 postea,
1092 1467 1135 1489 per
1151 1467 1193 1482 nos

130 1491 307 1513 Successoresre
318 1493 417 1520 11031103,
432 1492 468 1513 vel
480 1492 597 1513 Abbsstem
611 1492 748 1513 monasterii
760 1491 881 1518 antedicti,
894 1493 923 1512 de
935 1491 1041 1513 faciendo
1053 1490 1077 1512 in
1089 1490 1193 1512 Ecclesia

129 1521 235 1549 predicta
244 1522 380 1543 continuam
393 1522 544 1543 residentiam
557 1521 709 1549 personalem,
719 1522 742 1542 et
754 1522 801 1543 tam
815 1521 858 1549 ipsi
869 1527 940 1549 quam
952 1520 1077 1549 presbiteri
1084 1521 1131 1541 tres
1143 1519 1189 1547 alii,

130 1557 155 1571 ac
172 1550 259 1572 eisdem
279 1558 320 1573 3811
338 1558 417 1573 80111111
436 1551 505 1573 alicui
524 1551 666 1579 suhnugmuli
684 1557 725 1572 seu
744 1550 914 1578 subrogandus,
933 1550 962 1572 de
978 1549 1130 1572 observandis
1147 1549 1193 1570 hiis

129 1580 215 1602 nostris
234 1580 438 1608 Ordinacionihus,
462 1580 601 1607 voluntate,
622 1580 742 1608 Preeepto,
762 1582 785 1601 et
803 1580 905 1601 Statutis
923 1580 1066 1607 memoratiS,
1087 1580 1192 1600 cessante

130 1609 299 1638 impedimento
318 1610 430 1638 legitimo,
451 1617 477 1632 ac
495 1610 547 1631 aliis
566 1611 584 1631 si
604 1611 712 1638 oporteat
734 1609 908 1631 racionabiliter
928 1609 1048 1636 faciendis,
1073 1608 1193 1637 corporale

130 1639 270 1667 prestabant
285 1641 309 1661 et
324 1640 441 1668 prestabit
457 1640 561 1668 ipsorum
578 1639 679 1667 quilibet
687 1639 865 1666 jiii'ainent11111;
884 1639 988 1667 alioquin
1005 1638 1044 1660 ille
1056 1638 1098 1666 qui
1109 1638 1192 1666 hujus-

129 1668 193 1690 modi
209 1669 371 1696 juramentum
389 1676 467 1690 coram
486 1669 554 1690 1101113
572 1671 615 1690 aut
631 1668 810 1690 §necessu-ibus
827 1669 922 1695 nostris7
942 1668 978 1689 vel
997 1668 1081 1690 saltem
1098 1667 1192 1689 Abbate

129 1700 265 1726 memorato,
279 1700 406 1727 postquam
417 1699 446 1720 de
458 1705 484 1720 eo
495 1698 622 1727 prestando
640 1705 681 1726 per
699 1705 741 1719 nos
758 1700 799 1720 aut
810 1698 913 1726 aliquem
925 1699 1091 1719 Successorum
1102 1698 1193 1718 nostro-

129 1733 189 1755 rnm,
202 1729 244 1749 aut
255 1728 373 1750 Abbatem
386 1729 463 1756 ipsum
476 1728 516 1756 qui
530 1735 571 1756 pro
583 1731 688 1756 tempore
700 1728 779 1754 fuerit,
793 1727 864 1749 suerit
882 1728 1018 1755 requisitus,
1032 1733 1073 1755 per
1084 1728 1131 1748 tres
1142 1726 1193 1748 dies

129 1757 253 1779 continuos
269 1759 373 1785 prestare
385 1758 511 1784 distulerit,
525 1758 588 1779 omni
603 1758 656 1785 jure
668 1757 732 1785 (111011
750 1758 774 1778 111
791 1763 941 1785 <piceumque
954 1756 1070 1778 Beneficio
1088 1756 1112 1777 in
1128 1756 1192 1778 dicta¹

130 1786 233 1808 Ecclesia
244 1787 381 1815 optinuerit,
393 1787 481 1815 absque
494 1787 623 1808 monieione
635 1786 721 1815 aliqua,
733 1789 848 1814 perpetuo
859 1787 890 1808 sit
902 1786 1009 1814 privatus
1020 1793 1026 1813 3
1042 1786 1113 1807 salvis
1125 1785 1193 1807 nobis

129 1817 153 1837 et
164 1815 341 1838 Successoribus
358 1817 445 1838 nostris
462 1818 584 1844 sequestro
602 1817 625 1838 111
644 1816 710 1837 bonis
728 1816 903 1844 pertinentibus
920 1815 950 1837 ad
966 1816 1044 1844 ipsum
1057 1815 1193 1843 Archipres-

130 1845 265 1872 biteratum,
279 1846 390 1874 quociens
407 1848 431 1868 et
442 1846 536 1874 quando
553 1848 576 1868 et
594 1852 635 1874 pro
646 1847 698 1867 toto
709 1847 814 1873 tempore
826 1852 873 1874 quo
885 1846 1009 1873 vacaverit,
1022 1846 1094 1873 prout
1105 1845 1130 1866 in
1141 1844 1193 1866 aliis

130 1874 274 1896 beneficiatis
286 1877 364 1897 nostre
376 1875 481 1897 Diocesis
493 1875 606 1897 hactenns
618 1877 653 1897 est
665 1875 694 1896 dc
705 1875 875 1897 consuetudine
887 1875 1003 1896 usitatum
1015 1882 1020 1901 ;
1037 1881 1127 1896 necnon
1139 1874 1193 1902 jure

130 1905 154 1925 et
171 1904 338 1931 jurisdiccione
359 1905 416 1926 alias
435 1906 483 1927 tam
509 1908 589 1926 nostro
611 1911 682 1933 quam
709 1905 875 1926 Succos-<oxum
901 1906 1044 1931 nostrorum,
1068 1910 1094 1925 ac
1120 1904 1194 1925 eciam

132 1933 231 1955 Eeciesie
253 1935 331 1955 nostre
353 1934 499 1962 Exoniensisy
522 1941 548 1956 ac
574 1935 647 1956 eciam
669 1934 895 1955 Arrhidiaconornm
916 1934 1026 1955 Tottonie
1052 1934 1076 1955 et
1096 1940 1193 1955 suorum

131 1962 270 1984 officialium
283 1963 322 1991 qui
335 1970 377 1991 pro
387 1966 493 1992 tempore
502 1964 598 1991 fuerint,
610 1964 633 1985 in
645 1964 755 1985 omnihus
767 1965 790 1985 et
801 1963 908 1991 singulis,
919 1970 945 1985 ae
954 1963 1027 1985 eciam
1035 1963 1192 1990 auctoritate3

130 1992 217 2020 quibus
228 1999 270 2020 per
280 1993 394 2021 premissa
405 1993 429 2014 in
441 1993 506 2015 nullo
519 1993 628 2015 volumus
639 2000 681 2014 nec
692 1993 837 2014 intendimus
848 1993 957 2020 derogare
969 2000 973 2019 ;
991 1994 1015 2014 81
1025 1992 1097 2019 salva,
1111 1993 1192 2019 eciam,

130 2021 198 2043 nobis
215 2023 238 2043 et
250 2021 428 2044 Successoribus
447 2023 534 2044 nostris
552 2040 557 2045 .
577 2040 582 2044 .
601 2040 606 2045 ,
625 2024 743 2051 potestate
755 2022 875 2050 premissis
887 2022 989 2044 addendi
1000 2028 1041 2043 seu
1054 2021 1192 2043 detrahendi

131 2051 226 2078 eisdem,
240 2058 266 2072 ac
278 2051 351 2073 eciam
363 2058 389 2074 ea
401 2052 542 2079 declarandi,
552 2052 579 2079 si,
593 2054 670 2080 prout,
684 2053 707 2074 et
719 2052 813 2080 quando
825 2052 893 2073 nobis
904 2053 927 2073 et
938 2052 996 2079 ipsis
1008 2051 1141 2073 videbimus
1152 2057 1194 2073 seu

133 2080 235 2102 viderint
250 2081 391 2109 expedire.—
401 2081 428 2103 In
440 2081 508 2110 cujus
524 2082 557 2103 rei
572 2081 734 2103 testimonium
746 2081 849 2109 sigillum
862 2082 977 2109 nostruin,
992 2087 1040 2102 una
1050 2087 1103 2102 cum
1116 2080 1193 2109 sigillo

132 2109 220 2131 Decani
246 2111 270 2132 et
291 2110 397 2138 Capituli
418 2111 520 2133 Ecclesie
543 2112 622 2133 nostre
644 2110 791 2133 Cathedralis
814 2111 960 2138 Exoniensis,
986 2109 1137 2133 Presentibus
1158 2110 1194 2132 est

131 2139 393 2169 appensum-Datum
404 2140 494 2163 Exonie
503 2140 515 2149 '³
532 2140 570 2169 [14
581 2140 646 2169 dan„
658 2139 831 2169 1321-2].—f01.
846 2139 896 2163 165.
