1328 2295
336 165 410 190 THE
436 160 623 191 REGis'rER
649 162 698 191 OF
723 162 863 192 BISHOP
889 161 1123 191 STAPELDON.

229 241 350 273 Magistro
367 242 463 266 Thome
481 243 512 266 de
529 243 626 267 meliori
643 243 759 272 Ecclesia,
776 243 807 267 de
827 251 877 274 quo
899 243 1046 274 gaudemus¹
1063 241 1162 265 noviter
1180 239 1216 276 sit
1236 245 1290 269 pro-

229 274 319 304 visum,
343 275 428 306 sicque
450 276 523 305 forte,
547 276 632 305 eciam,
656 276 677 299 si
699 276 747 299 alia
763 281 895 303 cessarent,
915 275 1078 299 effectualiter
1100 280 1218 305 prosequi
1240 278 1291 294 non

227 308 321 338 poterit
337 308 409 332 litem
426 316 501 339 super
518 309 653 332 Ecclesiam
671 309 702 332 de
720 309 909 333 Cristemelford
929 309 998 339 prius
1015 310 1118 331 motam.
1156 306 1191 329 Et
1207 311 1293 341 revera

227 348 278 364 non
290 341 415 364 credimus
427 342 495 372 qnod
512 341 640 372 predictus
657 341 775 372 Magister
789 342 904 370 Thomas,
917 341 957 365 vel
972 341 1054 371 quivis
1070 340 1140 368 alius,
1153 347 1168 361 a
1180 337 1291 372 predicto

227 373 347 404 Magistro
363 373 479 397 Johanne
494 374 632 404 predictam
650 374 786 397 Ecclesiam
804 382 847 404 per
863 374 1080 397 Presentacionem
1096 371 1202 407 Domini
1214 371 1292 406 vestrl

228 406 311 429 valeat
333 406 453 437 optinere,
476 409 553 437 prout
575 407 607 430 ab
634 407 722 430 eodem
745 407 865 437 Magistro
888 407 1004 430 Jolianne
1027 408 1053 429 et
1075 405 1130 428 aliis
1153 402 1290 439 majoribus

227 438 369 467 didicimus,
382 441 408 462 et
420 439 490 463 vobis
501 441 547 463 aut
558 439 606 462 sibi
623 439 735 463 dicemus
752 439 893 470 expressius
909 439 935 462 in
944 438 1058 470 proximo
1070 440 1155 461 nostro
1168 436 1291 472 colloquio

227 472 358 501 personali,
369 472 437 502 quod
448 472 548 495 utinam
555 472 621 495 sitin
631 472 706 496 brevi.
741 472 857 495 Predicto
866 472 986 502 Magistro
996 471 1091 495 Thome
1100 478 1151 493 non
1159 469 1290 493 scribimus

227 504 259 527 ad
271 512 371 535 presens
384 512 414 528 ex
424 504 470 528 hac
483 513 563 534 causa,
576 505 705 528 credentes
724 505 793 535 quod
808 505 854 528 hec
873 505 1003 535 Scriptura
1014 504 1126 527 sufficere
1143 502 1234 538 debeat
1245 508 1290 537 pro

226 539 342 568 utroque.
376 537 522 586 Altisbsimus
540 545 583 561 vos
606 540 736 561 conservet
747 538 884 562 l-—Datum
907 538 976 568 apud
995 536 1152 565 Chudeham,
1172 534 1225 565 xiii]
1250 534 1291 557 die

227 569 407 600 Aprilis—fol.
422 570 435 594 3
454 588 460 595 .

258 630 343 655 Littera
354 630 447 655 directa
459 631 570 655 Jolzannc
585 631 615 656 de
628 632 748 656 Bructone
761 640 800 656 :—-

193 663 307 688 Salutem
318 664 344 687 in
356 664 430 688 terris
442 667 468 688 et
479 665 583 695 gloriam
595 665 621 688 in
640 664 909 696 Excelsis.-Reeeptis
927 664 1017 688 Literis
1035 663 1124 687 vestris
1143 663 1289 687 affectuosas

224 704 308 727 preces
325 697 519 727 continentibus,
538 698 714 728 proposuimus
731 698 762 721 ad
780 698 919 721 Dominum
936 697 1138 726 Bathoniensem,
1156 696 1215 719 licet
1232 702 1290 718 cum

223 729 367 760 gravamine
380 732 472 759 nostro,
485 729 513 753 iu
532 731 679 761 Septimaua
694 730 788 754 Pasche
800 730 945 760 cucurrisse,
959 729 1181 760 ordinavimusque
1196 728 1227 751 ad
1243 728 1290 751 hoc

224 762 310 791 dietaS,
331 762 461 792 familiam,
482 765 509 786 et
525 766 671 793 vecturam;
690 765 729 786 set
747 766 833 794 postea
853 763 999 794 supervenit
1019 762 1139 793 Magister
1162 761 1288 785 Robertus

223 795 302 819 frater
316 797 408 825 noster,
422 803 498 826 quem
516 796 548 819 ad
565 796 794 826 Archiepiscopnm,
813 796 931 825 Priorem,
949 798 975 819 et
992 795 1126 818 Monachos
1146 793 1288 822 Cautuarie,

223 835 268 858 pro
280 828 433 858 quibusdam
445 828 559 859 negociis,
572 829 603 852 de
615 829 708 859 quibus
720 829 796 856 scitis,
810 836 885 859 super
896 830 983 852 nostra
996 827 1194 857 Consecracione,
1207 829 1287 850 trans-

223 860 345 890 misimus,
354 861 438 884 dicens
446 861 517 884 nobis
526 862 601 891 quod,
613 861 696 884 Priore
709 864 734 885 et
743 861 872 885 Monachis
879 863 964 884 nostre
974 860 1095 884 Peticioni
1103 859 1289 891 quodammodo

223 893 446 923 consencientibus,
470 901 529 917 cum
551 894 672 925 inciperet
696 894 827 925 negocium
852 901 975 924 exponere
999 894 1065 917 dicto
1088 892 1287 922 Archiepiscopo,

222 925 283 956 ipse,
306 926 453 956 loquentem
476 926 547 957 quasi
574 927 600 950 iu
623 927 710 957 primis
734 927 816 950 verbis
839 927 1034 957 interrumpens,
1059 926 1188 949 ferocitate
1214 925 1288 948 solita

222 959 390 989 respondebat
402 959 477 989 quod,
490 967 535 982 suo
555 962 683 990 perpetuo,
702 959 774 982 nobis
791 959 830 982 vel
848 959 889 982 alii
906 967 957 982 non
975 959 1121 982 concederet
1138 958 1207 989 quod
1219 958 1287 981 idem

222 994 308 1014 noster
322 991 430 1015 nuncius
446 999 477 1015 ex
494 994 564 1022 parte
581 994 667 1015 nostra
684 994 768 1022 petere
786 992 922 1021 nitebatur,
935 991 1059 1015 subiciens
1075 991 1122 1014 alia
1138 991 1220 1014 multa
1237 999 1287 1021 que

222 1026 324 1054 propter
342 1024 420 1054 ipsius
440 1024 561 1048 honorem
579 1024 747 1048 subticuimus
767 1024 815 1048 ista
834 1025 895 1054 vice,
914 1026 940 1048 et
956 1024 1142 1055 quodammodo
1161 1023 1286 1047 admirans

222 1057 291 1087 quod
308 1057 356 1080 sibi
375 1065 425 1080 non
443 1057 596 1080 occurrimus
612 1065 657 1088 pro
674 1057 713 1080 die
729 1057 929 1081 Consecracionis
946 1059 1030 1080 nostre
1049 1056 1182 1080 Oantuarie
1200 1058 1285 1087 postu-

221 1089 302 1113 landa.
338 1089 420 1119 Unde,
434 1090 493 1120 quia
510 1090 635 1113 nescimus
653 1098 712 1113 cum
728 1098 778 1120 quo
796 1090 859 1121 pede
875 1090 961 1113 fodere
973 1089 1088 1118 voluerit,
1101 1097 1151 1113 non
1163 1090 1285 1113 audemus

221 1122 254 1145 ab
273 1122 361 1145 eodem
377 1130 408 1145 ex
430 1130 589 1153 quacumque
607 1130 681 1146 causa
699 1123 804 1146 ulterius
822 1123 943 1153 elongare,
964 1125 1003 1146 set
1022 1122 1131 1146 secundo
1152 1122 1192 1145 vel
1208 1122 1285 1145 tercio

221 1154 262 1178 die
281 1157 339 1185 post
358 1155 432 1178 Diem
449 1155 543 1179 Pasche
560 1163 646 1179 versus
664 1156 773 1179 eundem
791 1155 1012 1186 Archiepiscopnm
1031 1155 1167 1186 dirigemus
1187 1157 1286 1178 nostros

221 1195 327 1218 gressus,
340 1189 366 1211 et
381 1188 501 1211 faciemus
517 1188 585 1218 apud
602 1188 686 1218 ipsum
701 1188 776 1218 juxta
790 1188 856 1211 viam
873 1188 937 1219 juris
954 1188 994 1211 vel
1012 1187 1092 1218 gracie
1104 1187 1172 1218 quod
1187 1187 1285 1211 Altissi-

221 1228 278 1243 mus
301 1220 440 1251 inspirabit.
493 1221 626 1251 Rogamus,
650 1221 734 1251 igitur,
759 1221 827 1251 quod
851 1228 926 1251 super
946 1229 974 1244 eo
997 1221 1066 1251 quod
1091 1220 1137 1244 hac
1159 1220 1212 1244 vice
1234 1228 1285 1243 non

221 1253 337 1276 venimus
354 1253 517 1283 personaliter
533 1253 565 1276 ad
583 1253 721 1276 Dominum
737 1253 939 1282 Bathoniensem,
952 1261 1004 1283 nos,
1017 1253 1038 1276 si
1053 1253 1137 1282 libeat,
1155 1255 1285 1276 excusatos

221 1285 349 1314 habentes,
370 1286 478 1316 recipere
495 1286 578 1309 velitis
600 1286 695 1309 Literas
715 1294 777 1316 quas
797 1287 829 1309 ad
850 1286 988 1309 Dominum
1009 1286 1161 1317 Episcopum
1181 1288 1207 1309 et
1227 1286 1286 1309 Pre-

221 1318 341 1348 positum,
354 1322 472 1348 nepotem
484 1326 566 1348 suum,
580 1319 780 1342 transmittimus
797 1326 828 1342 ex
841 1318 887 1342 hac
905 1327 985 1343 causa.
1022 1319 1064 1348 Et,
1083 1321 1113 1342 ut
1127 1318 1211 1342 sciatis
1223 1318 1286 1349 quid

220 1351 247 1374 in
260 1351 353 1374 eisdem
365 1351 456 1374 Literis
468 1351 502 1374 sit
513 1354 668 1380 contentum,
681 1351 862 1382 transcriptum
879 1352 991 1382 ipsarum
1006 1352 1037 1374 de
1049 1351 1124 1375 verbo
1136 1352 1168 1374 ad
1180 1351 1286 1375 verbum

220 1383 291 1407 vobis
307 1384 504 1407 transmittimus
514 1384 672 1414 presentibus
683 1384 857 1407 interclusum.
893 1384 919 1408 Si
931 1384 985 1413 alia,
998 1384 1058 1413 aliis,
1072 1384 1111 1407 vel
1123 1384 1201 1413 aliter,
1212 1392 1287 1414 super

221 1416 323 1446 negocio
335 1419 418 1440 vestro
430 1416 536 1440 scribere
549 1417 691 1445 debeamus,
704 1417 817 1440 scribatis
835 1417 906 1440 nobis
923 1419 948 1440 et
960 1416 1285 1440 scribemus—Altissimus

221 1456 265 1473 vos
276 1451 406 1473 conservet
419 1449 554 1473 !—Datum
566 1450 634 1480 apud
646 1449 802 1480 Chudeham,
815 1449 867 1481 xiiij
881 1450 921 1473 die
932 1449 1025 1480 Aprilis
1038 1457 1043 1479 ;
1061 1449 1121 1473 ibid.

253 1511 338 1536 Libera
349 1511 441 1536 directa
452 1511 539 1536 Abbati
550 1511 579 1536 cle
590 1511 755 1536 Hertilauncle
769 1520 806 1536 1—-

188 1544 303 1568 Discreto
314 1544 368 1568 viro
380 1547 406 1568 et
421 1544 534 1575 religioso
547 1545 664 1574 Domino,
677 1545 693 1569 J
695 1545 794 1574 ohanni,
808 1544 855 1568 Dei
866 1544 948 1575 gracia
959 1544 1054 1568 Abbati
1066 1545 1097 1568 de
1109 1545 1283 1576 Hertilaunde,

221 1577 354 1607 Walterus,
364 1577 526 1608 permissione
535 1577 658 1608 Ejusdem
668 1578 770 1601 Electus
780 1578 935 1607 Exoniensis,
945 1577 1054 1601 salutem
1063 1580 1088 1601 et
1098 1578 1201 1608 antique
1210 1578 1284 1602 dilec-

221 1609 298 1634 cionis
315 1610 484 1634 constanciam
502 1613 528 1634 et
542 1610 831 1641 augmentum.—Licet‚
838 1610 914 1641 juxta
925 1610 1078 1634 desiderium
1090 1611 1182 1634 mentis
1194 1613 1284 1641 vestre,

220 1642 278 1666 viva
297 1650 356 1666 voce
376 1643 491 1674 Magistri
509 1643 619 1673 Roberti,
635 1643 730 1667 Fratris
747 1643 834 1673 nostri,
849 1646 876 1667 et
891 1643 981 1667 Literis
997 1643 1157 1674 quorundam
1177 1643 1283 1668 aliorum

220 1675 358 1699 amicorum
370 1678 515 1699 nostrorum
526 1676 598 1699 nobis
611 1676 761 1707 expositum,
773 1684 818 1707 pro
830 1676 950 1707 Magistro
959 1676 1056 1699 Thoma
1068 1676 1099 1700 de
1111 1676 1282 1707 Karyveynec,

220 1708 403 1739 consanguineo
419 1710 511 1738 vestro,
525 1716 600 1740 super
614 1709 724 1732 Ecclesia
741 1709 773 1732 de
789 1709 865 1733 Udno
885 1707 976 1732 Parva¹
991 1716 1043 1732 non
1062 1708 1282 1739 adimpleverimus

219 1741 269 1764 ista.
286 1741 345 1770 vice,
365 1749 408 1765 vos
428 1749 545 1772 rogamus
565 1742 633 1772 quod
650 1748 682 1765 ex
700 1741 747 1765 hoc
762 1741 849 1765 offensi
866 1741 1010 1765 nullatenus
1026 1740 1158 1771 existati33
1178 1742 1284 1766 scientes

219 1781 264 1804 pro
277 1776 344 1797 certo
357 1774 425 1804 quod
437 1776 495 1797 ante
507 1774 585 1805 ipsius
600 1774 739 1798 adventum
754 1774 785 1798 de
797 1774 909 1805 predicta
921 1774 1031 1797 Ecclesia
1041 1773 1283 1798 incommutabiliter

219 1806 339 1830 duximus
351 1806 526 1831 ordinandum.
572 1806 626 1830 Nec
637 1809 676 1830 est
687 1806 763 1830 moris
779 1807 847 1838 quod
864 1806 988 1830 Beneficia
999 1814 1108 1837 quorum
1121 1807 1228 1831 Collacio
1239 1815 1285 1838 per

219 1839 317 1869 lapsum
337 1839 457 1870 temporis
477 1841 516 1863 est
535 1839 568 1863 ad
588 1839 746 1870 Superiorem
765 1839 884 1863 devoluta
901 1839 974 1863 alicui
990 1839 1107 1863 Parcium
1124 1839 1282 1870 litigancium

219 1871 360 1902 aliqua-liter
372 1872 541 1902 conferantur,
557 1879 589 1895 ne
606 1872 724 1903 Superior
740 1872 869 1896 conferens
881 1871 925 1903 jus
942 1871 1018 1895 unius
1030 1872 1134 1895 Patroni
1146 1872 1282 1903 plusquam

218 1904 322 1928 alterius
344 1904 456 1928 indebite
478 1904 594 1928 videatur
616 1905 759 1936 approbare.
794 1905 925 1934 Volumus,
949 1906 1041 1934 tamen,
1067 1905 1281 1936 contemplacione

217 1944 322 1968 persone
338 1939 428 1967 vestre,
441 1937 522 1961 eidem
540 1937 660 1968 Magistro
675 1938 770 1961 Thome
787 1937 813 1961 in
829 1937 981 1968 equivalenti
996 1937 1127 1967 Beneficio,
1140 1938 1180 1961 vel
1192 1938 1281 1969 majori

218 1970 239 1993 si
257 1969 305 1993 hoc
324 1969 414 1999 velitis,
431 1977 489 1993 cum
506 1970 646 1993 adinvicem
663 1970 826 1993 habuerimus
843 1970 1003 2001 colloquium,
1022 1970 1153 1993 efficaciter
1170 1971 1279 2001 obligari⁴

219 2002 298 2032 Dixit,
322 2002 397 2032 enim,
421 2002 492 2026 nobis
515 2002 582 2026 idem
606 2003 716 2026 Thomas
739 2003 808 2033 quod
834 2002 902 2026 dicta
924 2002 1033 2026 Ecclesia
1055 2003 1165 2026 valorem
1193 2004 1280 2027 decem

218 2042 359 2059 marcarum
380 2042 431 2058 non
449 2035 560 2063 excedit;
582 2037 608 2059 et
626 2035 687 2059 certi
707 2043 795 2059 sumus
813 2035 882 2066 quod
900 2043 944 2066 pro
964 2037 1016 2059 tam
1037 2035 1134 2059 modico
1155 2035 1280 2060 Beneficio

475 2141 483 2156 ¹
501 2142 538 2167 St.
552 2141 753 2172 Pei-inn-Uthno,
766 2141 792 2166 in
804 2141 933 2167 Cornwall.
