1328 2295
227 167 392 193 GENERAL
409 168 732 194 INDEX—EXETER
750 169 996 195 GATHEDRAL.
1116 162 1134 195 l
1140 160 1160 195 5
1167 159 1184 193 1

122 242 315 266 Cantuariensem
332 250 357 266 se
373 244 505 273 appellasse
522 244 665 273 confingens
679 245 770 267 Literas
787 244 941 267 Inhibitorias
962 246 986 267 et
1008 245 1135 268 Citatorias
1157 245 1187 267 ab

123 272 203 294 eadem
221 272 292 295 curia
312 275 394 296 contra
414 281 456 296 nos
478 275 561 302 postea
580 274 724 302 impetravit.
759 275 786 296 In
808 281 856 303 qua
876 274 954 302 Curia,
968 281 1022 297 cum
1043 276 1104 297 esset
1125 275 1187 297 inter

122 302 242 329 prefatum
258 302 399 331 Magistrum
415 303 571 332 Willelmum,
590 304 691 327 Partem,
713 306 738 325 ut
757 304 888 328 dicebatur,
908 304 1075 332 appellantem,
1094 305 1118 326 et
1133 311 1184 332 nos,

122 330 216 353 Partem
244 332 397 361 appellatum,
426 333 573 362 aliquamdiu
598 333 623 354 in
648 333 712 355 dicta
738 333 916 362 Appellacionis
937 334 1014 356 Causa
1039 340 1183 362 processum,

122 360 239 384 Dominus
251 361 426 384 Cantuariensis
438 362 645 391 Archiepiscopus,
663 363 749 384 Tocius
761 363 846 391 Anglie
859 363 955 390 Primas,
974 363 1072 385 eandem
1084 363 1185 385 Causam

121 389 152 411 ad
167 397 237 413 suum
254 391 377 419 proprium
396 391 541 414 auditorium
559 392 684 417 revocavit.
704 394 727 414 et
743 392 832 414 ibidem
844 393 900 414 fecit
912 392 1005 414 diucius
1019 393 1110 421 agitari.
1144 392 1185 414 Set

121 418 217 442 demum
233 421 297 443 dicto
310 420 424 449 Magistro
435 421 555 443 Willelmo
572 421 601 443 de
613 421 769 449 Kyugescote,
789 422 858 444 Parte
875 422 1017 450 appellante,
1037 422 1066 443 ab
1078 422 1121 443 hac
1132 421 1185 443 luce

122 449 252 478 subtracto,
275 450 388 479 nulloque
405 451 536 479 predictam
554 451 730 479 Appellacionis
749 451 849 473 Causam
871 451 982 480 prosequi
1001 451 1102 479 volente,
1122 451 1185 473 idem

121 477 238 502 Dominus
250 479 455 508 Archiepiscopus,
474 480 604 508 prehabitis
621 481 645 502 et
661 480 759 502 servatis
772 480 882 502 omnibus
899 482 922 502 et
938 480 1037 509 singulis
1049 487 1094 509 que
1105 480 1130 502 in
1140 480 1185 502 hac

119 509 188 536 parte
207 509 395 538 requirebantur,
414 509 444 531 ab
463 509 581 532 auditorio
599 516 642 531 suo
661 517 733 538 super
749 510 795 531 hiis
811 510 952 538 simpliciter
967 509 1035 532 nobis
1052 510 1144 532 dimisit
1159 511 1184 532 et

119 537 210 560 dictum
223 538 345 567 negocium
361 538 390 560 ad
407 540 514 561 nostrum
530 539 621 561 remisit
637 546 740 561 examen.
775 539 913 567 Cupientes,
929 539 1010 568 igitur,
1028 539 1057 561 (le
1073 546 1184 567 processu

120 566 341 590 Commissariorum
353 569 487 590 nostrorum
503 568 663 596 predictorum
676 570 699 590 et
711 569 839 597 cujuslibet
856 569 962 597 ipsorum
974 569 998 590 iu
1014 569 1143 597 premissis,
1157 575 1183 590 ac

119 596 193 619 eciam
211 597 240 619 de
256 598 339 625 forma,
356 598 388 625 vi,
406 603 429 619 et
442 598 530 620 virtute
542 598 647 626 predicte
659 598 810 625 Provisiouis,
829 599 969 620 auctoritate
981 600 1062 620 nostra
1073 598 1141 626 facte,
1156 599 1183 620 ut

119 625 215 654 dieitur,
237 627 296 649 effici
307 627 426 654 cerciores,
439 634 468 649 ne
479 629 561 649 contra
572 627 703 649 doctrinam
716 627 826 656 Apostoli
837 628 907 649 nimis
919 628 966 650 cito
977 634 1062 649 manus
1073 627 1183 656 cuiquam

118 654 238 684 imponere
250 656 390 684 videremur,
404 657 482 685 ipsum
494 657 634 684 Magistrum
643 657 845 684 Bartholomeum,
859 657 888 679 de
899 664 946 686 quo
959 657 1065 679 Provisio
1076 657 1184 685 predicta

119 684 182 707 facta
200 686 285 713 fuerat,
306 686 336 707 ad
355 687 459 708 nostram
481 686 626 714 presenciam
648 686 755 708 accessiri
776 688 800 708 et
821 686 919 708 totalem
942 686 1079 708 Processum
1104 693 1181 708 coram

118 714 231 742 predictis
242 715 415 737 Commissariis
431 716 519 737 uostris
536 716 572 737 vel
588 722 665 737 coram
684 715 758 737 altero
774 722 845 744 super
862 716 908 738 hiis
925 716 1044 743 habitum,
1062 722 1110 737 una
1126 723 1181 738 cum

120 744 230 766 omnibus
251 745 309 767 actis
328 746 352 766 et
372 745 444 773 gestis
465 752 507 773 per
527 745 592 773 ipsos
608 752 650 767 seu
666 745 767 767 alterum
789 745 903 774 ipsorum,
926 745 995 767 nobis
1016 745 1182 767 mandavimus

118 773 230 796 exhiberi.
265 774 430 802 Comparente,
450 774 531 802 igitur,
550 775 705 803 personaliter
722 781 800 796 coram
817 775 885 796 nobis
903 775 927 796 in
944 774 1040 803 Capella
1056 776 1137 796 nostra
1153 774 1182 796 de

118 802 257 831 Horsleglie,
275 804 349 825 tercio
360 803 398 825 die
410 804 496 825 mensis
507 804 522 825 J
525 804 583 831 unii,
604 804 673 825 Anno
686 804 780 826 Domini
794 804 830 826 Ms’
842 804 912 826 CCCo
922 804 1054 831 undecimo,
1073 804 1180 832 predicto

118 831 232 860 Mag-istro
248 833 430 861 Bartholomeo;
448 833 562 860 exhibito,
582 834 664 857 eciam,
689 834 799 855 Processu
819 834 886 855 nobis
903 835 927 855 et
943 834 1010 855 Actis
1028 833 1180 862 supradictis,

117 861 197 889 ipsum
218 862 365 890 Processum,
393 863 461 890 Acta,
489 864 513 884 et
533 863 633 884 formam
655 863 702 884 vim
729 865 752 885 et
773 863 883 885 effectum
909 863 1015 891 predicte
1037 863 1181 885 Provisionis

117 891 303 913 examinavimus
315 892 447 920 diligenter,
466 893 496 919 et,
515 892 597 914 habito
612 899 683 921 super
699 892 819 920 premissis
831 894 854 914 et
866 893 980 921 premissa
991 892 1181 920 contingentibus

117 920 280 948 disputacioue
292 923 316 943 et
327 921 480 949 discussione,
498 923 569 950 prout
586 922 673 949 decuit,
692 922 799 950 pleniori,
818 922 847 943 de
863 922 961 943 consilio
974 922 1036 949 juris
1048 922 1179 950 peritorum

116 949 185 972 nobis
206 951 371 978 assidencium,
399 953 423 973 et
444 951 473 973 de
494 958 609 973 consensu
635 953 658 973 et
684 951 782 973 licencia
808 951 955 973 Venerabilis
984 951 1060 973 Patris
1085 951 1181 973 Domini

116 978 292 1002 Cantuariensis
313 980 499 1009 Archiepiscopi,
528 980 613 1002 Tocius
636 980 719 1009 Auglie
746 981 865 1008 Primatis,
894 983 1011 1009 quatenus
1037 987 1109 1009 super
1134 980 1181 1002 hiis

115 1009 252 1037 requiritur,
270 1010 294 1031 in
311 1010 378 1038 cujus
394 1010 567 1031 Jurisdiccione
583 1010 721 1032 immediata
736 1010 842 1038 predicta
855 1010 950 1039 Capella
966 1011 1046 1032 nostra
1062 1010 1179 1037 consistit,

116 1044 187 1067 super
198 1039 304 1067 predicta
314 1039 449 1061 Provisione
460 1040 669 1068 pronunciavin‘ius
681 1041 705 1061 111
716 1039 759 1061 hac
770 1040 885 1067 forma,—

88 1075 118 1097 IN
129 1075 178 1098 DEI
190 1076 302 1104 NOMINE,
316 1076 574 1098 AMENffExanunato
586 1077 718 1105 diligenter,
729 1083 791 1098 nuuc
802 1078 826 1099 et
837 1077 902 1104 alias,
915 1078 966 1099 toto
975 1077 1088 1099 Processu
1099 1076 1182 1098 habito

116 1105 177 1128 circa
193 1106 340 1128 Eleccionem
355 1106 384 1128 de
401 1106 515 1134 Magistro
530 1106 647 1128 Willelmo
664 1106 692 1128 de
705 1106 854 1134 Kyngescote
871 1107 895 1128 in
906 1107 1027 1128 Decanum
1039 1106 1179 1128 Exoniensis

117 1134 219 1158 Ecclesie
238 1142 313 1164 nuper
329 1135 424 1163 factam,
438 1142 527 1157 necnon
544 1136 679 1157 Provisione
699 1136 760 1157 sacta
777 1136 852 1157 eidem
870 1136 971 1158 Ecclesie
988 1135 1017 1157 de
1028 1136 1122 1158 Decano
1138 1142 1181 1164 per

116 1164 244 1187 discretum
260 1165 346 1192 virum,
364 1165 495 1186 Dominum
506 1165 704 1187 Archidiaconum
718 1166 813 1193 Barum,
831 1165 1024 1188 Commissarium
1035 1166 1144 1187 nostrum
1155 1165 1180 1187 in

114 1193 159 1217 hac
174 1195 250 1223 parte,
263 1194 292 1216 de
308 1196 339 1222 te,
357 1194 459 1216 discreto
477 1194 534 1222 viro,
559 1195 673 1223 Magistro
696 1195 862 1216 Bartliolomeo
883 1195 912 1216 ‹le
933 1194 1019 1217 Sancto
1041 1194 1177 1222 Laurencio,

115 1224 253 1252 presbitero,
267 1225 291 1245 et
302 1223 419 1245 Canonico
431 1224 537 1252 ejusdem
550 1224 659 1249 Ecclesie,
672 1231 732 1246 nunc
745 1224 768 1245 in
781 1225 900 1252 presencia
911 1226 992 1246 nostra
1003 1224 1143 1251 constituto,
1156 1227 1181 1246 et

116 1253 248 1275 Collacione
265 1253 371 1281 ejusdem
391 1253 526 1275 Decanatus
543 1253 588 1275 tibi
607 1254 676 1281 facta,
697 1254 820 1282 resignatis
839 1255 909 1275 antea
929 1253 1002 1275 libere
1023 1254 1047 1275 in
1068 1253 1179 1275 manibus

114 1283 201 1305 nostris
213 1282 412 1304 Archidiaconatu
429 1283 555 1304 Exonieusi
572 1284 596 1305 et
607 1283 711 1304 Ecclesia
723 1283 853 1305 Parochiali
870 1283 898 1305 de
910 1283 1083 1311 Exemyuistre,
1097 1284 1177 1304 nostre

114 1312 235 1340 Dyocesis,
253 1318 311 1340 quas
322 1313 357 1340 tu,
371 1312 485 1340 Magister
500 1312 674 1339 Bartholomee,
687 1319 715 1334 ex
728 1312 910 1341 Dispensacione
922 1312 1068 1341 Apostolica,
1086 1312 1115 1334 de
1131 1319 1179 1341 qua

114 1342 182 1364 nobis
200 1341 230 1363 ad
246 1342 344 1370 plenum
361 1343 461 1369 constat,
482 1342 548 1370 prius
565 1341 637 1363 simul
654 1342 761 1369 tenuisti,
780 1342 878 1370 ipsaque
899 1342 1057 1370 xesignacione
1076 1348 1118 1370 per
1136 1348 1178 1363 nos

114 1372 243 1400 acceptata,
271 1371 346 1400 ipsam
370 1371 529 1393 Provisionem
556 1372 579 1393 et
600 1371 767 1399 Collacionem,
795 1373 912 1400 quatenus
939 1371 969 1393 ad
994 1378 1036 1393 nos
1062 1371 1175 1399 pertinet,

113 1400 291 1429 pronunciando
302 1400 454 1427 ratificamus,
467 1400 636 1429 approbamus,
660 1403 683 1422 et
695 1401 868 1428 continuamus,
882 1401 1063 1429 predictumque
1074 1401 1177 1422 Decanan

113 1431 166 1452 tum
174 1430 313 1452 Exoniensis
325 1430 434 1457 Ecclesie,
445 1431 513 1458 cujus
526 1430 631 1452 Provisio
643 1432 667 1452 et
675 1430 777 1452 Collacio
789 1437 831 1458 per
841 1431 1063 1459 pronunciacionem
1075 1430 1177 1458 predicti

114 1459 280 1481 Aschidiaconi
301 1459 396 1487 Barum,
420 1466 473 1488 que,
497 1459 563 1481 nulla
585 1459 753 1488 Appellacione
780 1466 901 1488 suspensa,
930 1460 954 1481 in
976 1466 1023 1481 rem
1050 1460 1177 1482 transierat

110 1488 251 1517 judicatam,
264 1488 293 1510 ad
305 1496 347 1511 nos
359 1490 422 1516 sunt,
436 1490 463 1511 ut
473 1489 630 1518 premittitur,
644 1489 761 1515 dcvolute,
775 1489 827 1516 tibi,
844 1490 957 1517 Magistro
970 1488 1136 1511 Bartholomeo
1148 1489 1176 1511 de

114 1518 200 1540 Sancto
212 1519 347 1546 Laurencio,
361 1518 498 1547 presbitero,
517 1520 540 1540 et
552 1519 668 1541 Canonico
680 1519 786 1546 ejusdem
799 1519 907 1546 Ecclesic,
920 1519 958 1540 cui
970 1518 1043 1540 nichil
1055 1518 1136 1540 obviat
1148 1519 1177 1540 de

113 1548 236 1570 canonicis
255 1548 385 1575 Institutis,
403 1549 426 1570 et
443 1550 525 1570 contra
536 1555 614 1576 quem,
632 1555 674 1576 per
690 1555 783 1570 causam
801 1548 907 1576 ejusdcm
923 1548 1025 1570 Ecclesie
1042 1554 1113 1576 super
1129 1548 1175 1570 hiis

113 1577 254 1599 sufficienter
262 1577 432 1606 premunitum,
444 1577 516 1599 nichil
531 1578 626 1599 omnino
638 1579 673 1599 est
685 1577 834 1606 propositum
846 1578 895 1599 sive
907 1577 1006 1604 dictum,
1020 1577 1049 1599 ad
1061 1577 1173 1599 honorem

113 1606 165 1635 Dei,
183 1608 206 1629 et
227 1607 333 1629 Gloriose
354 1607 459 1635 Virginis
480 1607 561 1634 Marie,
580 1608 604 1629 et
625 1607 752 1629 Beatorum
770 1607 834 1628 Petri
855 1609 878 1629 et
897 1607 974 1634 Pauli,
995 1606 1173 1635 Apostolorum,

112 1635 269 1658 Patronorum
290 1637 433 1663 nostrorum,
461 1638 485 1659 et
507 1636 635 1658 utilitatem
658 1636 760 1658 Ecclesie
782 1636 928 1664 Exoniensis,
957 1636 1062 1658 caritatis
1084 1636 1175 1658 iutuitu

113 1665 290 1688 exhabundanti
308 1665 451 1688 conferimus
467 1667 559 1693 iterato,
578 1667 601 1688 et
619 1665 695 1687 eidem
714 1666 841 1687 Exoniensi
860 1665 962 1687 Ecclesie
980 1666 1009 1687 de
1027 1665 1130 1693 Decano,
1151 1667 1175 1688 et

112 1695 188 1723 ipsius
199 1695 301 1717 Ecclesie
313 1695 443 1717 Decanatui
460 1695 489 1717 dc
500 1702 600 1724 persona
616 1698 659 1717 tua
676 1695 786 1717 similiter
798 1695 950 1723 providemus
961 1702 965 1722 ς
984 1695 1137 1717 investientes
1149 1697 1173 1717 te

112 1731 154 1752 per
173 1724 256 1746 birreti
272 1725 348 1746 nostri
365 1725 519 1746 tradicionem
538 1725 713 1753 presencialiter
730 1724 759 1746 de
776 1725 865 1746 eodem.
900 1725 927 1746 In
946 1731 1048 1753 quorum
1067 1725 1173 1746 omnium

112 1753 275 1776 testimonium
291 1754 406 1782 premissa
425 1754 503 1776 omnia
522 1756 546 1776 et
563 1754 656 1782 singula
674 1761 715 1783 per
733 1754 887 1782 Radulphum
904 1754 933 1775 de
950 1754 1030 1781 Stoke,
1052 1754 1171 1782 clericum,

112 1782 238 1805 Notarium
255 1783 381 1805 Publicum
399 1785 422 1805 et
439 1783 545 1805 Scribam
560 1785 677 1811 nostrum,
698 1783 727 1805 ad
743 1784 856 1811 premissa
876 1783 1010 1812 specialiter
1025 1783 1171 1810 adhibitum,

113 1813 189 1840 scribi,
204 1812 327 1841 publicari,
346 1815 371 1835 et
388 1813 412 1834 in
429 1813 551 1842 puplicam
568 1813 666 1834 formam
681 1813 755 1841 redigi
771 1813 943 1840 mandavimus,
961 1813 1085 1841 nostrique
1101 1812 1172 1840 sigilli

112 1842 241 1864 munimine
256 1842 355 1864 fecimus
370 1843 518 1864 communiri.
527 1842 642 1864 -Datum
654 1844 677 1864 ct
693 1844 772 1864 actum
784 1842 830 1869 die,
841 1842 900 1869 loco,
913 1844 936 1864 et
948 1849 1009 1864 anno
1020 1842 1170 1870 supradictis,

113 1871 247 1893 Indiccione
266 1872 309 1899 IX,
328 1872 483 1894 Pontificatus
499 1872 646 1894 Sanctissimi
663 1872 740 1893 Patris
756 1879 782 1893 ac
799 1872 902 1898 Domini,
921 1871 1016 1893 Domini
1033 1871 1170 1899 Clementis,

113 1900 198 1922 Divina
214 1900 366 1923 Providencia
384 1901 446 1929 Pnpe
463 1901 555 1928 Quinti,
572 1902 642 1923 Anno
657 1901 759 1926 Sexm-
770 1901 919 1929 presentibus
937 1901 1040 1923 Domino
1058 1901 1127 1922 Petro
1143 1901 1172 1922 de

112 1929 239 1957 Honitone,
254 1930 353 1952 Ricardo
370 1931 398 1952 de
411 1930 547 1959 Bruyleghe,
562 1931 678 1952 Nicholao
689 1931 717 1952 de
730 1931 797 1957 Hele,
818 1930 931 1957 Magistro
942 1930 1032 1958 Rogero
1044 1930 1073 1952 de
1084 1930 1171 1952 Sancto

113 1959 273 1987 Constantino,
285 1960 385 1982 Ricardo
397 1960 425 1982 de
436 1960 581 1987 Falkawille,
591 1960 605 1982 J
609 1960 700 1982 ohanne
711 1960 739 1982 «le
751 1960 773 1981 la
786 1960 907 1987 l'omeray,
919 1961 942 1981 et
953 1960 1005 1981 aliis
1016 1960 1046 1981 ad
1057 1960 1172 1988 premissa

110 1989 198 2011 vocatis
214 1990 238 2011 et
253 1990 341 2017 rogatis
357 1989 490 2018 specialiter
501 1990 682 2011 vestibus—Et
698 1996 747 2016 ego,
766 1989 909 2017 Radulphus
925 1989 953 2011 [le
965 1989 1045 2017 Stoke,
1064 1989 1169 2017 clericus,

111 2017 248 2040 exoniensis
268 2019 390 2047 Dyocesis,
419 2019 482 2041 Sacri
504 2019 603 2040 Romani
626 2019 722 2047 Imperii
740 2019 889 2040 Auctoritate
911 2018 1025 2040 Notarius
1048 2018 1169 2046 Publicus,

110 2048 229 2075 premissis
240 2048 350 2070 omnibus
362 2050 385 2070 et
396 2048 503 2076 singulis,
517 2048 586 2070 dictis
598 2048 635 2070 die
646 2050 670 2070 et
681 2048 739 2073 Ioco,
753 2049 830 2073 Anno,
842 2048 984 2075 indiccione,
994 2050 1017 2070 et
1027 2047 1170 2069 Pontificatu

110 2077 260 2105 supradictis,
280 2079 351 2106 prout
362 2078 555 2106 supi-ascribitur,
569 2085 610 2106 per
617 2078 782 2099 venerabilem
791 2078 884 2099 Putrem
896 2077 1029 2105 predictum
1041 2084 1067 2099 ac
1078 2077 1170 2098 (lictum

111 2105 251 2134 Magistrum
262 2107 456 2129 Bartholomeum
473 2107 532 2129 actis
549 2109 573 2129 et
588 2107 668 2135 gestis,
689 2114 736 2128 uua
752 2114 805 2128 cum
822 2107 936 2135 predictis
947 2106 1058 2128 Testibus
1074 2113 1170 2135 presens

109 2135 214 2165 interfui,
226 2143 300 2165 eaque
311 2136 344 2159 sic
355 2138 383 2159 ut
393 2137 542 2166 premittitur
559 2137 610 2159 fieri
621 2136 670 2159 vidi
687 2138 710 2158 et
726 2136 816 2165 audivi,
834 2138 858 2159 et
874 2143 901 2158 ea
912 2136 992 2158 omnia
1002 2138 1026 2158 et
1037 2135 1131 2164 singula
1141 2135 1171 2157 de
