1328 2295
444 164 626 192 GENERAL
652 165 787 192 INDEX.
1118 156 1193 192 337

135 244 262 274 years‚—“
272 246 298 268 et
320 244 397 274 dabit,
421 244 526 274 singulis
553 244 624 267 annis
653 244 713 267 dicti
740 243 849 272 triennii,
873 244 905 267 ad
930 243 1057 267 Fabricem
1080 242 1189 267 Ecclesie

136 276 282 300 Exoniensis
294 275 445 305 xxs‚-lxs.''
464 277 505 306 (18
518 276 590 307 Aug,
604 277 676 305 1314)
690 284 695 304 ;
714 276 764 300 872².

40 315 103 357 [St.
121 316 220 400 ffiasijy
235 317 367 349 Church
389 317 419 358 [“
430 317 534 359 Seynt
551 317 653 348 Marie
671 316 829 354 Ohurche,
845 327 919 348 eum
935 316 1002 348 suis
1019 315 1189 358 Oapellis,”

101 401 238 430 Visitatimz,
259 403 322 425 “die
340 403 423 425 Martis
441 403 550 432 proxima
569 404 681 432 sequente
698 403 763 432 (post
779 403 877 425 Festum
894 402 1063 431 Apostolorum
1081 402 1147 425 Petri
1163 403 1188 425 et

56 430 65 436 ⁸
123 431 237 454 Pauli—4
248 433 316 462 July,
329 433 456 461 1301)‚—“
458 440 504 461 per
515 433 646 461 Magistros
657 433 784 455 Robertm
799 433 828 455 de
845 432 921 455 Veteri
933 432 1006 455 Terra
1022 433 1042 454 et
1053 432 1188 455 Jolmmtem

121 460 149 483 cle
165 462 297 491 Uphavene,
309 462 453 484 Senescallos
465 462 618 491 Capituli:—

95 490 125 512 In
135 492 239 519 presenti
248 492 393 514 Visitacione
404 492 501 514 fuerunt
512 492 536 513 iu
545 492 649 514 Ecclesia
657 492 680 514 M
684 492 751 514 atrici
762 492 807 514 loci
818 492 1031 520 predicti—Unum
1044 486 1190 515 Psalterium

123 520 201 543 debile
212 522 236 543 et
246 521 396 550 insufficiens,
407 528 461 543 cum
471 521 577 543 Manuali
588 522 611 543 in
623 521 711 544 eodem.
746 521 821 543 Aliud
833 521 976 543 Psalterium
988 521 1078 543 nullius
1089 521 1184 544 valoris

122 550 322 579 Antiphonarinm
340 551 438 578 bonum,
456 558 510 572 cum
527 551 675 579 Collectario,
689 551 844 579 Oapitulario,
858 552 882 573 et
898 551 1038 579 YmpnariO,
1056 551 1146 579 pariter
1160 551 1186 573 in

123 579 213 602 eodem.
247 580 356 609 Legenda
365 581 443 602 tocius
454 581 508 602 anni
521 580 633 609 plenaria,
644 581 668 602 in
680 581 773 602 duobus
785 580 953 608 voluminibus,
964 587 1018 603 cum
1028 580 1184 609 Capitulario,

124 608 271 637 Collectario,
289 611 313 632 et
329 610 468 639 Ympnario,
486 611 510 632 et
528 617 581 632 cum
598 610 771 638 Antiphonario
790 617 833 632 suo
850 610 901 632 loco
918 610 1060 638 interposito
1077 610 1106 632 de
1117 610 1185 633 Tem-

123 639 206 667 porali.
236 639 506 662 Ordinaleinsufficiens.
539 639 788 667 StatutumSynndale
796 639 922 662 sufficiens.
950 639 1053 667 Missale,
1063 641 1182 668 notatum,

122 669 146 690 et
156 668 216 690 bone
227 668 301 691 litere.
335 669 436 691 Gradale
450 676 502 691 cum
515 669 636 697 Tropario.
647 669 760 691 collatum
772 676 785 691 a
797 669 916 697 Capitulo,
929 676 976 691 non
987 669 1016 691 de
1026 669 1078 692 Usu
1085 676 1113 691 ex
1121 670 1183 693 toto.

124 697 155 719 Et
176 698 242 720 aliud
263 698 372 726 Gradale,
394 700 463 721 vetus
484 700 508 721 et
529 699 697 727 putrefactum.
733 698 833 720 Nullum
856 698 966 720 Manuale
987 700 1139 728 preterquam
1160 700 1186 722 in

121 727 238 749 Psalterio
250 728 393 756 supradicto.
428 728 483 750 Tria
495 729 561 756 paria
572 728 783 755 Vestinmntorum,
797 735 899 757 quorum
911 735 957 750 una
970 728 1056 751 Casula
1066 728 1184 751 sufficiens

121 757 145 778 et
161 756 206 779 alie
223 764 271 779 non
288 757 438 780 sufficientes.
472 758 553 780 Unum
570 758 761 786 superpellicium
780 759 882 785 tautum,
900 759 969 780 vetus
986 759 1010 780 et
1026 758 1180 786 perforatum.

121 785 254 808 Rochetum
270 788 348 809 minus
365 787 488 809 sufficiens.
523 794 537 809 v
555 787 628 809 tuelle
647 787 774 814 benedicte,
788 794 888 816 quarimi
904 794 953 809 una
969 794 1022 810 cum
1039 794 1141 816 parura;
1158 789 1183 811 et

121 817 189 838 sexta
206 823 253 838 non
270 816 399 839 benedicta.
434 817 508 838 Nulla
524 817 589 838 Pixis
605 817 635 838 ad
651 816 811 838 Eukaristiam
824 824 828 838 :
846 817 919 844 Pixis,
932 818 1019 845 tamen,
1033 817 1063 839 acl
1081 817 1181 841 oblatas.

120 844 301 867 Crisniatorium
312 846 423 874 ligneum,
437 848 549 870 seratum.
583 846 671 868 Nullus
688 846 772 874 ciplius
784 846 813 868 ad
830 846 935 868 infirmos
946 846 1085 870 visitandos.
1118 846 1184 870 Crux

120 874 301 897 Processionalis
319 876 377 897 satis
394 876 540 898 conveniens.
584 876 599 904 ij
619 876 765 898 Candelebra
783 876 967 898 Processionalia
984 876 1014 898 de
1035 877 1127 899 stanno.
1167 883 1183 899 v

119 904 186 932 paria
207 904 379 933 Corporalium,
402 912 455 927 cum
477 907 580 934 quatuor
605 906 751 934 repositoriis
777 905 903 928 debilibus.
949 906 1068 928 Paxillum
1089 906 1181 929 decens.

121 933 189 955 Calix
210 934 327 956 sufficiens
346 935 446 957 interius
468 935 667 957 deauratus—Et
688 935 866 957 memorandum
888 935 917 957 de
939 935 1016 957 Calice
1038 936 1133 964 Capella
1155 936 1184 958 de

121 962 232 985 Coietone
243 965 368 992 prostrate,
381 965 449 992 eujus
461 964 581 993 quondam
594 964 833 992 Parocliizmissnunc,
843 971 905 992 vero,
915 965 1002 994 partim
1013 965 1078 993 apud
1087 965 1185 993 Seynct-

121 992 299 1015 Mariechurche
311 995 334 1015 et
346 994 432 1022 partim
444 994 509 1022 apud
522 994 648 1022 Carswylle
660 994 919 1022 assignati—detinent,
930 996 954 1016 et
967 995 1060 1017 Matrini
1070 995 1180 1023 Ecelesie,

120 1022 217 1044 reddere
235 1023 414 1051 contradicunt;
432 1030 501 1052 quem
520 1025 606 1052 petunt
618 1024 756 1045 Parochiani
774 1023 880 1052 predicte
892 1024 999 1046 Matricis
1011 1024 1121 1053 Ecclesie,
1135 1032 1184 1047 una

122 1058 175 1073 cum
194 1051 301 1074 instauro
316 1054 339 1074 et
358 1053 468 1075 nlereffllO
487 1053 593 1081 ejusdem
611 1053 713 1081 capello,
732 1053 762 1075 ad
780 1054 977 1075 sustentacionem
996 1053 1059 1076 dicte
1075 1054 1183 1077 Matricis

122 1080 226 1103 Ecelesie
244 1082 356 1104 converti.
397 1082 426 1104 Id
445 1084 481 1105 est
496 1083 740 1111 justuui.--Q1mtuoi·
761 1082 814 1104 siole
833 1083 982 1105 sufficientes.
1024 1083 1135 1106 Frontale
1151 1084 1182 1106 ad

121 1110 169 1138 Maj
174 1117 201 1132 us
211 1111 293 1133 Altare
304 1111 333 1133 de
344 1112 424 1139 serim,
434 1112 593 1134 tolerandum.
626 1112 680 1134 Una
691 1113 792 1134 fenestra
803 1112 828 1134 in
837 1112 942 1134 Australi
953 1113 1020 1141 parte
1032 1112 1135 1135 Cancelli
1146 1114 1183 1136 est

120 1140 182 1161 male
195 1140 294 1162 vitreata
304 1142 328 1163 et
344 1141 394 1163 sine
406 1142 467 1163 ferro
480 1149 484 1164 :
501 1142 610 1169 secunda,
624 1149 677 1163 cum
689 1142 761 1163 debili
773 1142 833 1163 ferro
845 1143 868 1163 et
880 1142 928 1164 sinc
940 1142 1002 1164 vitro
1012 1149 1016 1164 :
1033 1143 1114 1171 tercia,
1127 1150 1182 1166 cum

120 1168 182 1191 ferro
197 1172 233 1192 set
249 1170 299 1192 sine
314 1170 384 1193 vitro.
418 1171 527 1193 Preterea
537 1173 626 1193 tectum
638 1171 741 1193 mucelli
754 1171 821 1193 valde
838 1171 922 1194 debile.
957 1172 1019 1194 Fons
1029 1172 1079 1194 sine
1091 1178 1179 1196 Serura.

120 1198 195 1221 Navis
215 1199 319 1222 Eeclesie
336 1201 360 1222 et
381 1200 490 1223 similiter
513 1201 651 1229 Campanile
672 1202 811 1229 coopertura
832 1201 945 1229 iinligent.
989 1202 1131 1230 Troparium
1158 1204 1182 1225 et

119 1227 293 1251 Processionale
304 1229 375 1252 simul
386 1230 455 1252 valde
468 1232 562 1253 bonum.

94 1256 233 1280 Paroehiani
253 1258 337 1281 dieunt
358 1259 423 1288 quod
449 1261 629 1286 consueverunt,
653 1267 728 1288 usque
754 1259 785 1282 ad
810 1261 919 1288 tempora
944 1261 1060 1289 presentis
1082 1261 1180 1291 Vicarii,

119 1287 235 1309 sustinere
246 1288 383 1311 CanceLlum
398 1289 422 1311 in
439 1289 557 1317 omnibus,
571 1290 594 1311 et
611 1296 660 1311 esse
672 1289 780 1311 inmunes
797 1296 810 1311 a
822 1290 968 1318 prestacioue
979 1290 1068 1313 decime
1079 1291 1182 1315 instauri

119 1316 236 1345 Ecclesie;
254 1319 290 1339 set
306 1318 359 1346 iste,
372 1318 427 1340 lieet
444 1325 491 1341 non
507 1320 624 1341 sustentet
641 1319 786 1346 Cancellum,
804 1320 884 1341 tamen
902 1320 1004 1348 percipit
1020 1320 1144 1350 decimam,
1157 1323 1182 1345 et

121 1347 244 1375 compellit
264 1354 303 1369 eos
325 1349 352 1370 ut
372 1348 472 1371 solvant.
516 1349 586 1376 Item,
610 1349 693 1370 dicunt
714 1349 777 1377 quod
800 1349 877 1377 Agnes
900 1349 1014 1371 Bonatrix
1036 1350 1123 1378 legavit
1144 1358 1178 1374 vs.

118 1375 299 1405 ballardorum,1
310 1377 340 1399 ad
355 1378 554 1400 sustentacionem
565 1378 667 1400 Ecclesie
684 1378 712 1399 de
724 1378 884 1406 Seintemarie,
897 1385 956 1407 quos
968 1379 1077 1402 Vicarius
1094 1381 1183 1409 recepit

119 1406 143 1427 et
154 1405 252 1428 detinet.
285 1406 356 1433 Item,
366 1407 478 1435 Magister
486 1408 590 1436 Rogerus
602 1408 623 1429 le
635 1408 699 1429 Rous
712 1408 798 1436 legavit
809 1408 928 1436 quandam
940 1415 1057 1431 summam
1068 1411 1182 1438 peccunia

121 1434 152 1456 ad
172 1435 242 1463 idem,
265 1442 337 1464 quam
363 1436 425 1458 idem
448 1437 557 1459 Vicarius
578 1437 666 1459 dicitur
688 1438 801 1465 recepisse
822 1444 865 1466 pro
890 1439 965 1466 parte.
1004 1438 1073 1467 Item,
1097 1439 1181 1463 dicunt

120 1464 183 1492 quod
214 1465 277 1486 idem
303 1465 412 1488 Vicarius
443 1467 512 1495 ponit
544 1467 691 1488 omnimodus
724 1467 811 1489 bestias
843 1474 898 1489 suas
932 1468 956 1489 in
987 1468 1112 1498 cimiterio,
1140 1476 1182 1498 per

119 1494 182 1522 quod
200 1494 261 1516 male
278 1495 431 1517 conculcatur
446 1498 470 1518 et
486 1496 565 1518 viliter
580 1496 680 1518 sedatur.
715 1497 783 1523 Item,
798 1497 875 1518 dictus
888 1496 997 1519 Vicarius
1008 1497 1103 1521 arbores
1115 1499 1180 1521 cimi-

117 1523 171 1545 terii
181 1526 251 1546 vento
262 1526 393 1552 prostratas
405 1525 451 1547 sibi
461 1526 606 1554 appropriat,
620 1527 644 1547 et
660 1526 689 1547 ad
706 1526 867 1548 edificaciones
883 1533 938 1548 suas
949 1527 1073 1550 convertit.
1107 1528 1177 1557 Item,

117 1552 180 1574 idem
193 1553 302 1575 Vicarius
320 1554 376 1576 facit
393 1561 475 1583 parare
492 1555 598 1577 brasium
615 1562 686 1577 suum
704 1556 728 1577 iu
740 1555 850 1583 Ecclesia,
864 1557 888 1578 et
901 1556 999 1578 bladum
1015 1563 1085 1579 suum
1097 1559 1121 1580 et
1132 1558 1179 1581 alia

117 1581 205 1604 ibidem
216 1583 310 1611 reponit
321 1591 325 1611 ;
343 1591 384 1612 per
392 1584 457 1613 quod
468 1585 595 1606 servientes
609 1585 653 1613 suiy
664 1586 779 1607 intrantes
790 1586 814 1607 et
825 1587 944 1613 exeuntes,
958 1587 1068 1614 aperiunt
1079 1587 1177 1616 ostium,

118 1612 142 1633 et
152 1613 237 1634 ventus
248 1613 272 1634 in
283 1614 467 1641 tempestatibus
478 1614 568 1636 intrans
577 1614 705 1636 Ecclesiam
716 1615 872 1643 discooperire
884 1615 952 1638 solet.
985 1615 1082 1644 Dicunt,
1095 1617 1177 1646 eciam,

118 1641 183 1669 quod
199 1641 257 1664 bene
274 1643 388 1671 predicat,
406 1644 430 1665 et
447 1644 550 1665 officium
567 1651 638 1666 suum
656 1644 679 1665 in
697 1644 807 1666 omnibus
825 1644 978 1666 laudabiliter
994 1647 1106 1673 excercet,
1120 1646 1178 1669 dum

117 1676 212 1698 presens
230 1672 272 1693 est.
306 1672 347 1694 Set
364 1673 443 1701 sepius
459 1680 483 1695 se
500 1673 616 1701 absentat,
630 1675 654 1695 et
671 1680 759 1695 moram
776 1674 832 1695 facit
849 1674 913 1702 apud
925 1674 1033 1697 Mortone
1050 1675 1177 1704 [Alloreton-

117 1699 283 1729 Hampstead),
297 1702 423 1730 aliquando
441 1709 482 1731 per
499 1703 635 1732 quindecim
654 1703 711 1729 «lies,
725 1703 852 1732 aliquando
870 1710 911 1732 per
926 1705 987 1732 octo,
1001 1704 1035 1726 ita
1051 1705 1116 1734 quod
1132 1712 1180 1728 non

116 1728 205 1751 habent
221 1730 383 1759 Capellauum,
397 1732 442 1754 nisi
458 1733 553 1761 quando
570 1733 686 1754 Dominus
699 1733 826 1761 Walterus,
840 1733 982 1762 Capelianus
998 1734 1174 1764 Archidiaconi,

116 1765 211 1786 presens
222 1761 265 1788 est,
278 1761 315 1782 vel
327 1761 421 1783 aliunde
431 1762 536 1790 precario
547 1762 705 1790 perquiratur.

88 1787 156 1815 Item,
169 1790 276 1811 tenentes
288 1789 428 1819 Sanctuarii,
438 1791 522 1819 Jurati,
536 1792 619 1813 dieunt
631 1792 659 1813 dc.
675 1791 770 1813 red-litu
787 1792 868 1819 assiso,
883 1792 947 1821 quod
963 1794 1019 1815 sunt
1030 1793 1081 1821 vjli.
1095 1794 1174 1823 xviijs.

117 1817 188 1846 iiijd„
211 1825 265 1840 cum
286 1820 382 1842 redditu
403 1820 431 1842 de
454 1821 573 1843 Carswille
593 1822 617 1843 et
639 1820 824 1847 Huwclburghc.
864 1822 898 1843 De
920 1822 1009 1844 auxilio
1031 1823 1112 1851 assiso,
1136 1831 1178 1853 per

119 1846 251 1870 Walterum
264 1849 352 1871 Filium
364 1850 427 1872 Petri
445 1851 557 1879 primitus
574 1850 686 1879 inposito.
705 1853 728 1872 ct
747 1853 843 1873 actenus
861 1851 948 1879 soluto,
964 1852 974 1880 j
994 1859 1087 1881 marea,
1106 1860 1179 1882 super

118 1882 164 1904 quo
182 1878 268 1905 petunt
286 1879 424 1901 remedium.
464 1880 533 1907 Item,
554 1880 583 1902 de
600 1880 722 1908 cheragiffl
740 1880 798 1908 xijtl.
843 1881 872 1902 Et
891 1881 1003 1903 estimant
1021 1881 1079 1904 dicti
1097 1882 1179 1906 Jurati

117 1905 269 1935 dominicum,
287 1914 341 1930 cum
359 1909 456 1937 gardino
472 1911 496 1931 et
513 1911 589 1937 prato,
608 1910 685 1931 valore
703 1910 756 1936 Cs.;
783 1911 807 1931 et
824 1910 939 1932 decimam
957 1910 1083 1939 garbarum
1100 1913 1178 1935 tocius

116 1935 228 1968 l’arochie
239 1943 293 1959 eum
305 1938 415 1966 Capellis,
429 1939 504 1967 xlvjli.
519 1939 579 1967 xiijs.
596 1939 654 1967 iiijrl.
666 1947 671 1967 ;
689 1939 820 1967 perquisita
829 1939 943 1968 Capituli,
953 1947 1002 1963 xx&
1016 1948 1022 1969 ;
1040 1941 1175 1970 Hundredi,

112 1971 122 1992 J
143 1971 253 1988 marcam.
287 1967 356 1994 Item,
369 1967 488 1990 defectum
510 1969 534 1990 iu
556 1969 657 1997 coquina
679 1969 815 1996 corrigenda
832 1970 943 1991 estimant
962 1969 1028 1997 xlvjs.
1048 1971 1132 1999 viijd.;
1152 1972 1177 1994 in

115 1993 210 2016 bovem'a
225 2002 276 2018 xxs.
289 2004 294 2023 ς
312 1997 337 2018 in
352 1998 449 2026 grangia
464 1998 492 2020 de
504 1998 663 2026 Coffynswille
680 1998 810 2026 elon-ganda
826 1999 841 2027 ij
856 1999 947 2027 marcis,
960 2000 984 2021 et
1000 2000 1024 2021 in
1035 2001 1132 2029 grangia
1148 2001 1177 2023 de

115 2022 235 2046 Carswille
245 2025 401 2048 reedificanda
412 2034 426 2048 x
438 2027 528 2049 marcis.

32 2060 1182 2076 Ἣ

28 2072 38 2088 ¹
53 2075 197 2138 ffle‘iind-of)
214 2078 346 2109 barley-—“
354 2080 440 2104 hordei
457 2082 573 2112 specieS.''
623 2081 632 2095 ²
651 2082 744 2112 Capitis
754 2090 854 2111 census;
868 2083 881 2106 i.
893 2090 915 2113 q.
926 2083 1134 2114 Capitale(ibid.).

126 2116 184 2134 rnw.

180 2152 214 2177 W
