1328 2295
480 147 663 173 GENERAL
689 147 826 173 INDEX.
1156 138 1225 173 291

75 219 275 261 Montacute,
290 223 343 255 Sir
359 224 513 262 william,
529 224 618 263 Knt„
633 234 681 257 see
697 225 742 257 St.
760 224 884 266 Mabyn
897 235 903 263 3
928 224 999 255 125.

76 270 300 306 Monthermer
323 276 545 316 [Monhermer
567 276 640 308 and
662 276 856 313 Mehermer,
872 275 966 316 MS.],
983 274 1036 306 Sir
1052 274 1159 316 Ralph
1176 274 1225 311 de,

161 320 308 357 presents
324 321 358 350 to
374 319 597 358 Stokenlian13
622 321 693 350 105.
740 319 798 351 See
812 318 1019 360 Ashreigney
1031 330 1038 357 ;
1062 318 1126 355 341‘,
1148 319 1226 350 llO:

162 359 386 401 Stokenham;
409 362 460 400 75,
477 362 555 394 162¹)
583 362 668 400 167b‚
686 364 756 394 182.

77 409 397 456 Morehard-Bishop‚
413 414 556 446 Richard
572 414 612 445 de
629 414 822 456 Brayleghe,
839 414 876 446 R.
893 413 980 452 of,—

133 452 324 478 MEMORANDUM
339 457 404 485 quod
419 457 457 479 die
468 456 567 479 Sabbati
582 457 691 486 proxima
706 458 761 485 post
779 457 876 478 Festum
895 455 1027 484 Epiphanie
1038 455 1143 483 Domini,
1156 455 1227 477 Anno

162 485 191 505 ut
201 491 273 513 supra
284 485 307 514 [8
318 486 383 514 Jan.,
394 485 509 515 1311-12]‚
519 487 703 515 comparuerunt
714 493 791 508 coram
799 486 901 508 Domino
912 486 936 507 in
944 485 1048 507 Ecclesia
1059 485 1088 507 de
1099 485 1228 507 Mei-cestre

164 513 284 543 Episcopi,
294 515 428 537 Willelmus
440 516 469 538 de
481 516 632 544 Bukyntone,
646 516 740 537 debitor
750 516 775 537 in
786 515 830 537 hac
840 516 907 544 parte
918 514 1064 543 principalis,
1073 515 1097 536 et
1109 514 1227 536 Dominus

164 542 179 564 11
183 543 293 572 ohannes,
306 544 393 567 Rector
404 545 505 568 Ecclesie
517 546 545 567 de
558 546 647 573 Nymet
659 545 739 567 Sancti
751 545 852 573 Georgii,
866 546 889 566 et
902 544 1019 566 Robcrtus
1031 544 1059 566 de
1067 544 1225 572 Knyttetone,

164 575 344 601 manucaptores
365 574 470 602 ejusdem
489 575 610 602 Willelmi,
633 576 742 603 presente
762 576 820 596 tuuc
841 574 929 596 ibidem
951 574 1053 595 Domino
1074 573 1175 595 Ricardo
1196 573 1226 595 de

164 601 302 632 Brayleghe,
326 603 425 626 Rectorc
450 604 513 626 dicte
536 604 639 626 Ecclesic
666 604 694 626 de
707 604 849 629 Mor-cestre:
877 603 926 632 qui,
949 603 1053 632 quidem,
1081 602 1224 631 Willeliuus,

164 630 293 661 ι1011011065,
307 634 330 655 et
348 633 466 656 Robertus
482 634 626 661 fatebantur,
640 634 664 655 et
680 633 782 662 quilibet
798 640 879 655 eorum
895 632 1023 660 fatebatur,
1036 632 1061 654 in
1077 632 1187 660 solidum,
1201 639 1226 654 se

164 661 239 683 teneri
255 662 318 684 dicto
330 662 431 684 Domino
444 663 544 685 Ricardo
560 663 584 684 in
601 663 681 684 decem
697 663 781 684 marcis
794 662 885 691 argenti
896 669 925 684 ex
936 669 1006 683 causa
1017 661 1097 683 mutui
1109 661 1227 683 solvendis

164 690 247 719 eidem,
260 691 296 713 vel
308 698 351 714 suo
363 692 513 715 Proeuratori
525 692 555 715 ad
566 692 611 714 hoc
622 692 755 720 specialiter
766 692 904 719 constituto,
914 692 938 713 in
950 692 1019 713 Festo
1031 691 1099 713 Beati
1110 690 1228 713 ι1011011015

164 719 272 748 Baptiste
295 721 332 750 (24
353 721 426 750 June)
448 722 556 750 proximo
578 724 687 743 secuturo
698 729 703 745 :
725 723 833 750 petentes
854 728 879 743 sc
896 728 949 743 cum
971 720 1056 742 effectu
1077 726 1119 748 per
1135 720 1227 742 dictum

164 749 294 772 Dominum
312 750 388 773 eidem
400 751 509 779 Ricardo,
528 752 551 773 iu
563 752 655 779 prefata
670 758 764 773 summa
780 751 892 779 peccunie
908 757 950 778 per
961 749 1069 778 Precepti
1080 749 1229 772 Sentenciam

163 779 336 808 condempnari.
370 780 439 802 Unde
455 781 518 803 idem
530 781 654 807 Dominus,
667 781 772 809 ipsorum
788 782 812 802 et
824 780 953 808 cujuslibet
964 786 1045 801 eorum
1056 779 1227 801 confessionem

162 810 265 837 secutus,
279 809 309 831 ad
319 809 460 838 peticionem
472 810 568 832 Domini
581 810 675 831 Ricardi
686 810 795 838 predicti,
808 810 903 831 eosdem
915 809 1069 837 Willelmum,
1080 808 1095 830 J
1098 808 1223 837 ohannem,

162 839 186 860 et
204 838 342 867 Robertum,
361 840 385 861 et
403 840 533 868 quemlibet
550 846 639 867 corum,
654 840 678 861 in
697 839 808 866 solidum,
827 839 851 860 in
868 839 980 867 predictis
992 838 1072 860 decem
1087 838 1180 866 marcis,
1193 839 1224 861 ad

161 867 289 889 terminum
306 869 441 896 predictum
451 869 569 891 solvendis
580 869 654 891 eidem
668 869 770 890 Domino
782 868 891 896 Ricardo,
904 875 946 896 per
958 867 1065 896 Precepti
1076 867 1225 890 Sentenciam

163 897 359 926 condempnavit;
380 899 505 927 injungens
516 898 604 920 eisdem
620 898 748 925 Willelmo,
773 898 886 926 Johanni,
909 899 933 919 et
952 897 1063 925 Emenso,
1086 898 1110 919 et
1127 897 1227 920 cuilibet

161 933 250 954 eorum,
263 927 327 955 quod
338 927 367 949 (16
383 927 447 950 dicta
457 928 571 956 peccunia
582 928 645 950 dicto
657 927 759 949 Domino
771 927 871 949 Ricardo
888 927 912 949 in
923 927 1029 955 predicto
1040 926 1141 948 termino
1158 927 1226 949 satis-

162 955 257 984 faciant,
271 956 316 978 sub
332 964 393 985 pena
403 957 670 984 Excommunicacionis,
681 964 773 978 exnunc
780 958 808 979 ut
824 958 911 979 extunc
923 963 994 985 quani
1003 963 1030 978 eo
1041 956 1102 984 ipso,
1115 956 1135 978 si
1146 956 1170 977 in
1182 956 1226 978 hac

162 986 229 1013 parte
256 992 303 1007 non
323 987 451 1014 paruerint,
476 987 613 1008 incurrende
627 994 632 1014 ;
659 987 701 1014 ita,
724 987 812 1014 tamen,
837 986 909 1015 quod,
931 992 979 1007 uuo
1004 986 1111 1014 ipsorum
1136 985 1226 1008 dictam

162 1015 298 1043 peccuniam
309 1015 413 1044 legitime
424 1016 536 1044 solvente,
547 1016 617 1038 ceteri
627 1016 722 1044 penitus
734 1016 870 1038 liberentur.
899 1016 930 1037 Et
937 1015 1105 1037 nichilominus
1113 1014 1227 1043 jurarunt

162 1044 263 1072 predicti
282 1045 423 1073 Willelmus,
437 1047 491 1073 etc.,
506 1046 571 1074 quod
586 1046 731 1067 solucionem
747 1045 810 1067 dicte
828 1045 941 1073 peccunie
952 1044 990 1066 vel
1006 1044 1171 1066 execucionein
1182 1051 1227 1073 pro

162 1074 214 1101 ipsa
234 1073 259 1095 in
285 1076 372 1096 eventu
397 1075 528 1097 faciendam
554 1082 596 1103 per
622 1075 812 1097 Prohibicionem
834 1075 938 1103 Regiani,
966 1074 1037 1096 tactis
1069 1073 1228 1096 Sacrosanctis

162 1103 304 1131 Evangeliis,
324 1104 460 1126 nullatenus
477 1105 627 1133 impedircnt-
668 1104 761 1132 Dictus,
780 1104 862 1132 eciam,
884 1103 1018 1125 Willclnius
1039 1103 1227 1131 condempnatus

163 1132 211 1154 fuit
227 1132 257 1154 ad
275 1133 458 1161 acquietandum
475 1136 498 1156 et
514 1134 652 1162 indempnes
670 1134 856 1155 conservandum
872 1133 948 1155 dictos
964 1133 1145 1161 niauucaptores
1161 1139 1227 1161 suos,

163 1162 184 1184 si
202 1168 241 1184 eos
260 1162 348 1185 dictam
365 1164 503 1192 peccuniam
515 1164 539 1185 in
557 1165 644 1185 eventu
663 1163 752 1185 solvere
771 1163 917 1191 contingeret
928 1162 1064 1191 aliqualiter
1074 1169 1117 1190 pro
1128 1162 1227 1191 eode1n;

163 1191 243 1213 volens
255 1193 279 1213 et
294 1199 403 1221 expresse
414 1193 563 1215 consenciens
574 1193 639 1222 quod
655 1193 675 1214 si
686 1193 781 1215 iuterim
797 1192 927 1219 decederet,
941 1193 964 1214 et
975 1192 1008 1213 sic
1024 1191 1087 1213 idem
1097 1198 1224 1220 manucap-

162 1222 225 1243 tores
246 1221 277 1243 ad
297 1221 374 1250 ipsam
395 1223 539 1244 solucionem
560 1222 692 1244 faciendam
711 1223 759 1244 sint
780 1222 876 1250 onerati,
900 1221 963 1250 quod
983 1221 1130 1243 Testamenti
1150 1221 1227 1249 ipsius

162 1250 313 1279 Executores,
334 1258 376 1274 seu
394 1252 509 1274 bonorum
528 1252 730 1274 administratores
748 1251 861 1279 ejusdem,
884 1250 913 1273 (16
934 1251 1002 1272 bonis
1023 1250 1082 1278 suis,
1102 1257 1227 1280 quousque

162 1279 232 1308 plene
248 1280 398 1303 satisfactum
414 1282 487 1304 fuerit
497 1282 525 1303 de
537 1281 665 1310 premissis,
679 1288 703 1303 se
713 1281 850 1303 nullatenus
862 1281 1037 1308 intromittaut3
1055 1280 1091 1304 67.

133 1306 213 1331 Sciant
229 1312 348 1338 presentes
367 1312 390 1333 et
408 1311 485 1333 futuri
501 1311 565 1340 quod
581 1318 630 1339 ego,
644 1310 763 1332 Robcrtus
781 1310 810 1332 de
823 1310 998 1338 Knyghtetone,
1011 1309 1066 1331 dedi
1077 1310 1101 1331 et
1111 1310 1222 1338 concessi,

163 1340 187 1360 et
202 1338 245 1361 hac
261 1341 365 1367 presenti
377 1341 446 1363 Carta
461 1347 514 1362 11160
530 1340 672 1368 confirmavi,
686 1340 780 1362 Decauo
797 1341 821 1361 et
837 1339 948 1368 Capitulo
960 1338 1107 1361 Cathedralis
1124 1339 1227 1362 Ecclesie

164 1368 232 1390 Beati
254 1368 319 1391 Petri
340 1370 479 1392 Exoniensis
498 1370 656 1398 quadraginta
683 1369 770 1391 solidos
792 1369 864 1391 annui
885 1369 1000 1396 redditus,
1026 1368 1150 1390 aunuatim
1175 1376 1227 1397 per-

163 1398 283 1426 cipiendos
294 1399 323 1421 de
335 1400 444 1421 omnibus
456 1401 523 1421 terris
535 1401 558 1422 ct
569 1399 710 1421 tenementis
722 1406 767 1428 que
783 1399 860 1421 habeo
871 1398 935 1427 apud
948 1397 1117 1426 Knyghtetoue
1128 1399 1152 1420 et
1162 1398 1227 1427 apud

162 1427 186 1449 10
203 1427 288 1455 Ferme,
307 1429 331 1451 et
348 1429 406 1451 alibi
417 1429 560 1457 ubicumque
578 1429 602 1450 in
623 1429 726 1450 Manerio
744 1428 772 1450 de
792 1427 1090 1456 131550110111165111010110111;
1112 1427 1227 1450 solvendo

163 1456 217 1478 inde
228 1459 357 1486 annuatim,
371 1458 400 1480 ad
412 1458 509 1480 Festum
522 1458 601 1480 Sancti
614 1458 683 1485 Luco,
696 1458 845 1486 Evangeliste
862 1458 900 1487 [18
912 1457 984 1486 Oct.]‚
998 1457 1082 1485 viginti
1093 1456 1189 1486 solidos,
1203 1458 1227 1480 et

162 1486 187 1507 in
196 1486 266 1508 Festo
274 1487 421 1510 Invencionis
430 1488 514 1510 Sancte
522 1488 604 1509 Crucis
612 1487 635 1516 [3
646 1487 711 1516 May]
720 1487 778 1509 alios
786 1487 870 1515 viginti
878 1487 966 1509 solidos
976 1495 982 1515 ;
990 1486 1134 1514 habendum,
1143 1487 1223 1509 tenen-

161 1515 226 1543 dum,
240 1517 264 1538 et
279 1517 458 1546 percipiendum
474 1517 585 1546 predictis
597 1517 691 1539 Decauo
703 1518 726 1539 et
738 1517 859 1545 Capitulo,
872 1518 895 1538 et
907 1523 987 1538 eorum
1000 1516 1181 1544 successoribus,
1194 1516 1224 1538 de

161 1545 275 1573 predictis
294 1547 362 1569 terris
382 1548 405 1569 et
423 1547 564 1569 tenementis
583 1547 649 1574 meis,
670 1546 700 1568 ad
719 1553 923 1575 quorumcumque
940 1552 1025 1567 manus
1042 1545 1180 1568 devenerint
1198 1546 1223 1568 in

162 1574 279 1604 futurum,
300 1577 380 1598 totum
398 1576 533 1604 predictum
550 1576 670 1598 redditum
689 1576 719 1597 ad
738 1576 837 1598 Obitum
854 1575 1002 1598 Venerabilis
1024 1574 1108 1602 Patris,
1127 1575 1225 1597 Domini

162 1604 216 1631 mei,
230 1604 326 1627 Domini
337 1605 445 1633 walteri,
455 1606 498 1627 Dei
506 1605 584 1634 gracia
594 1612 657 1627 nuuc
666 1605 804 1627 Exoniensis
816 1605 934 1633 Episcopi,
945 1605 969 1626 in
981 1604 1085 1626 Ecclesia
1096 1604 1225 1627 Exoniensi

160 1633 231 1661 juxta
255 1634 330 1663 ipsius
356 1635 536 1657 Ordinacionem
558 1636 673 1663 perpetuo
694 1634 870 1662 celebrandum,
893 1634 973 1662 libere,
997 1633 1084 1662 quiete,
1108 1633 1175 1661 bene,
1198 1635 1222 1657 et

163 1663 187 1684 in
195 1669 259 1691 paee,
270 1665 447 1693 inperpetuum.
481 1665 519 1686 Ita
529 1664 593 1693 quod
605 1664 674 1686 liceat
685 1664 792 1692 predicto
804 1664 930 1692 Episcopo,
939 1665 963 1685 et
974 1663 1088 1692 predictis
1095 1663 1189 1686 Decauo
1200 1665 1224 1687 et

163 1692 275 1720 Capitulo
295 1695 319 1716 et
340 1701 421 1716 eorum
443 1694 623 1721 successoribus,
647 1701 673 1715 ac
694 1700 776 1715 eorum
797 1693 904 1721 siugulis,
926 1699 970 1721 pro
990 1692 1097 1721 predicto
1118 1692 1223 1722 redditu,

163 1722 273 1750 quociens
285 1730 298 1745 a
308 1724 370 1745 retro
382 1723 461 1751 fuerit,
474 1723 499 1745 in
510 1723 622 1751 predictis
638 1723 707 1745 terris
718 1724 742 1745 et
753 1723 894 1745 tenementis
910 1723 968 1744 meis
979 1722 1009 1744 (16
1020 1721 1190 1750 Knyglitetone
1201 1725 1226 1745 et

162 1751 185 1772 la
196 1751 281 1781 Ferme,
295 1754 318 1775 et
337 1753 361 1774 in
378 1753 487 1774 omnibus
504 1753 556 1774 aliis
573 1752 641 1774 terris
658 1754 682 1774 et
697 1752 838 1774 tenementis
849 1752 908 1774 meis
924 1752 947 1773 in
959 1751 1067 1780 predicto
1078 1751 1184 1774 Manerio
1195 1752 1225 1775 de

163 1780 453 1810 131650110111165111010110111,
464 1782 610 1810 distringere,
621 1783 645 1804 et
656 1782 830 1803 districcioncm
840 1788 868 1803 ea
878 1782 999 1803 occasione
1011 1781 1105 1809 captam
1116 1780 1224 1804 ubicum-

162 1817 207 1839 que
218 1811 265 1833 sibi
280 1812 403 1840 placuerit,
416 1812 441 1833 in
452 1812 573 1834 Comitatu
585 1811 697 1839 Dei-onie,
710 1811 830 1839 inpar-care
846 1812 870 1833 et
886 1811 910 1832 iu
926 1817 996 1839 parco
1011 1810 1124 1838 detinere,
1136 1817 1225 1839 quous-

162 1847 207 1869 que
218 1841 246 1862 de
257 1841 363 1869 predicto
374 1841 471 1863 redditu
481 1841 553 1863 fuerit
564 1841 667 1869 plenarie
679 1841 835 1863 satisfactum.
868 1840 913 1862 Pro
921 1840 973 1866 hac,
986 1841 1075 1867 autem,
1088 1839 1225 1869 donacione,

162 1871 317 1898 concessione,
346 1872 369 1893 ct
395 1870 464 1892 Carte
490 1877 540 1892 mee
571 1870 757 1898 confirmacione,
785 1870 907 1898 predictus
930 1869 1059 1896 Walterus,
1086 1869 1226 1893 Exoniensis

162 1899 301 1928 Episcopus,
314 1899 342 1922 de
354 1906 469 1921 consensu
480 1900 585 1928 Capituli
597 1900 635 1921 sui
646 1899 747 1928 predicti
759 1899 906 1927 Exoniensis,
919 1905 962 1927 pro
974 1905 998 1920 se
1010 1900 1033 1920 et
1044 1898 1224 1922 Successoribus

162 1929 219 1957 suis,
232 1929 323 1951 remisit
342 1929 421 1957 michi,
434 1929 560 1951 lieredilms
579 1930 637 1950 meis
655 1930 678 1951 et
697 1929 829 1957 assignatis,
842 1930 921 1950 totum
935 1928 975 1957 jus
993 1929 1017 1950 et
1032 1927 1145 1949 clnuiium
1161 1929 1225 1957 1111011

162 1957 254 1986 habuit,
267 1958 304 1980 vel
320 1958 399 1987 aliquo
415 1959 485 1980 niodo
502 1958 587 1980 habere
604 1959 691 1986 potuit,
705 1958 728 1979 in
741 1960 792 1980 tota
803 1960 864 1980 terra
875 1958 904 1979 de
916 1958 939 1979 10
951 1958 1028 1979 Fcuue
1040 1957 1065 1978 iu
1077 1957 1183 1980 Manerio
1194 1958 1224 1980 dc

164 1987 453 2016 Bisschoppesinorcliard,
467 1995 539 2016 quam
558 1988 631 2009 habui
649 1994 677 2009 ex
694 1987 756 2009 dono
773 1989 797 2009 et
816 1987 966 2009 fcoffamcnto
979 1986 1128 2008 Nicholaide
1140 1986 1226 2010 Sancta

166 2016 263 2044 Helena,
286 2018 390 2045 exceptis
410 2017 543 2039 redditibus
564 2018 588 2039 et
605 2017 709 2039 serviciis
727 2017 773 2038 sibi
790 2018 814 2039 et
827 2016 1007 2039 Successoribus
1026 2016 1083 2043 suis,
1103 2015 1227 2045 Episcopis

163 2046 344 2074 Exoniwsibus,
357 2047 411 2068 inde
426 2048 495 2068 antea
512 2047 597 2068 debitis
616 2048 640 2068 et
657 2046 846 2069 consuetis-In
864 2046 932 2074 cujus
947 2045 981 2067 rei
998 2045 1162 2067 testimonium
1178 2045 1225 2068 hiis

162 2074 260 2103 Scriptis
285 2075 387 2098 dentatis
406 2077 430 2098 et
448 2076 510 2098 inter
527 2083 563 2098 me
582 2077 606 2098 ct
624 2076 757 2104 prcdictum
776 2076 920 2104 Episcopum
939 2074 1029 2102 divisis,
1042 2073 1120 2102 sigilla
1135 2076 1223 2104 nostra,

163 2104 305 2134 alternatim,
319 2106 342 2128 et
353 2105 458 2134 sigillum
468 2105 569 2134 predicti
581 2105 686 2135 Capituli
698 2105 845 2134 Exoniensis,
858 2105 953 2135 utrique
965 2104 1027 2133 parti
1039 2104 1095 2126 sunt
1106 2110 1225 2134 appensa3

225 2135 259 2172 Τῖ
