1328 2295
98 166 169 202 150
288 177 359 202 THE
385 178 566 204 REGISTER
593 179 641 205 or
666 180 804 206 Blsnor
831 180 1066 206 STAPELDON.

163 254 233 278 Dean
251 254 360 279 Thomas
378 256 409 279 de
425 256 575 280 Lecchelade
593 257 650 281 died
671 257 738 289 early
759 258 785 281 iu
803 258 873 287 1309,
893 258 943 282 and
956 257 1064 281 Richard
1082 257 1113 280 de
1125 256 1259 280 Morcestre

196 287 246 311 and
258 287 339 318 Roger
350 289 381 312 de
394 289 479 319 Otery,
493 289 591 312 ‹Janons
604 290 629 313 of
647 290 747 320 Exeter,
766 290 858 321 having
869 291 1002 321 presented
1014 292 1041 313 to
1054 290 1098 313 the
1110 289 1203 319 Bishop
1215 288 1259 311 the

197 320 306 343 Petition
320 321 346 344 of
361 321 404 344 the
418 322 527 352 Chapter
539 323 577 345 ior
591 323 693 345 Licence
705 325 731 346 to
744 323 813 352 elect,
832 323 934 347 Licence
946 331 995 346 was
1007 322 1121 354 granted,
1136 322 1166 345 16
1178 320 1257 351 April,

198 353 269 380 1309,
295 353 412 377 “circiter
430 354 516 377 horam
537 355 726 385 Vesperarum'’
744 358 770 378 at
793 356 870 386 Clyst,
883 356 933 379 and
954 355 1144 386 Sequestration
1165 354 1190 377 of
1215 353 1259 376 the

198 392 319 408 revenues
331 386 357 409 of
374 386 418 409 the
432 387 554 417 Deanery,
576 388 662 410 “infra
674 388 799 411 ambitum
814 388 954 411 Decanatus
970 388 1001 411 de
1013 386 1195 418 Ayllesbeare,'’
1212 393 1261 409 was

199 418 347 441 committed
368 421 394 441 to
412 419 513 448 Robert,
538 420 560 443 V.
581 420 607 442 of
628 420 754 449 Otterton,
772 421 822 443 and
842 420 962 451 Reginald
979 421 1010 444 de
1028 419 1211 451 Aysedeswille,
1230 417 1260 442 17

200 449 271 480 April
283 458 289 479 ;
309 452 421 475 zia-On
435 452 448 475 6
461 451 529 482 July,
543 452 586 475 the
599 452 710 482 Chapter
721 456 798 483 wrote
810 456 836 476 to
848 453 892 476 the
904 453 1004 483 Bishop,
1017 453 1112 482 setting
1123 451 1192 475 forth
1203 450 1262 474 that

200 482 271 505 there
289 483 338 506 had
351 483 413 506 been
429 484 505 507 much
523 485 707 515 disagreement
726 493 816 515 among
832 485 875 508 the
890 486 987 509 Canons
1005 493 1031 508 as
1048 487 1075 508 to
1091 484 1158 508 their
1170 483 1259 512 choice,

200 522 268 538 some
280 516 417 546 preferring
430 517 522 540 Master
531 517 599 540 John
611 518 642 540 de
655 517 787 547 Bruetone,
798 518 883 541 others
896 518 989 541 Master
1001 518 1082 548 Roger
1093 517 1124 540 de
1137 517 1222 546 Otery,
1234 523 1260 539 so

200 547 257 571 that
285 556 318 571 no
347 549 459 572 Election
492 549 540 573 had
571 550 646 573 taken
675 550 743 580 place
756 558 761 578 ;
796 551 845 573 and
879 550 939 581 they
968 550 1062 581 prayed
1093 549 1138 573 the
1168 548 1261 578 Bishop

200 584 227 603 to
239 588 321 603 renew
333 581 372 604 his
382 581 490 605 Licence.
526 582 579 605 The
589 582 681 613 Bishop
692 583 802 613 (writing
814 590 846 606 on
858 583 902 606 the
914 590 981 606 same
993 582 1090 613 day—‘¹
1100 582 1164 605 circa
1175 581 1262 604 horam

200 613 327 642 terciam‚''
339 614 445 643 granted
457 614 524 637 their
535 615 641 645 petition
653 622 657 641 ;
678 616 715 638 42.
745 615 849 646 [Bishop
862 615 1014 639 Grandisson
1027 615 1071 638 has
1083 615 1184 638 written
1196 613 1261 642 here,

199 645 225 668 in
242 645 286 668 the
304 646 448 676 ma1·gin—“
458 647 569 670 Licencia
583 648 696 678 Eligendi
709 647 955 677 Decanum''].—On
974 649 1004 671 22
1022 648 1141 677 January,
1155 647 1263 670 1309-10

202 677 306 706 (Master
323 679 433 702 William
451 680 481 702 de
503 680 660 710 Kyngescote
678 681 770 711 having
788 681 849 703 been
868 681 981 710 elected),
999 688 1013 703 a
1031 679 1196 703 Commission
1214 678 1262 701 “in

200 711 301 740 negocio
331 711 467 735 Eleccionis
479 711 490 721 ¹⁹
521 720 569 736 was
600 713 711 736 directed
742 716 768 736 to
800 713 843 736 the
872 713 1031 736 Archdeacon
1063 713 1088 735 of
1116 711 1263 741 Bamstaple

201 743 250 765 and
282 743 363 774 Roger
391 745 421 767 de
451 745 544 775 Otery;
572 746 621 768 and
647 753 679 768 on
703 745 746 768 the
771 754 839 769 same
867 746 915 776 day
939 754 953 768 a
984 746 1074 769 second
1098 744 1263 768 Commission

200 783 250 798 was
262 776 372 799 directed
384 779 410 800 to
422 777 466 800 the
480 778 619 806 Precentor,
632 778 675 801 the
689 778 848 801 Archdeacon
861 778 887 801 of
904 778 1003 806 Exeter,
1021 778 1065 801 the
1078 777 1202 805 Subdean,
1219 776 1263 799 the

200 807 362 832 Archdeacon
382 810 408 832 of
428 810 581 840 Barnstaple,
604 810 713 833 William
733 811 764 834 de
784 811 927 841 Kylkenny,
947 810 1055 834 Richard
1072 810 1103 833 de
1121 810 1262 837 Morcestre,

201 840 268 863 John
286 841 317 864 de
330 842 465 872 Bruytone,
484 843 533 865 and
546 843 626 873 Roger
643 843 674 866 de
687 844 772 873 Otery,
792 844 896 872 Ganons,
914 843 998 873 giving
1011 843 1081 866 them
1093 842 1222 871 authority
1236 844 1262 864 to

200 873 256 896 deal
272 874 334 897 with
351 874 395 898 the
412 875 465 898 said
480 875 594 898 business
610 883 641 898 on
656 875 700 898 the
717 875 831 906 Bishop‘s
850 876 952 904 behalf3
971 874 1080 899 46b,—A
1098 873 1263 898 Commission

200 912 250 928 was
262 906 379 936 directed,
400 908 429 931 10
442 908 506 936 Jan.‚
527 909 641 937 1310-11,
659 911 685 931 to
698 908 793 931 WValter
813 909 843 931 de
856 909 924 937 Esse,
942 908 1075 931 Treasurer
1092 907 1118 930 ot
1135 906 1262 934 Crediton,

199 937 239 960 for
256 938 299 962 the
312 939 427 971 Custody
439 940 464 963 of
481 940 525 963 the
542 941 714 970 sequestrated
731 949 851 964 revenues
864 941 889 963 of
906 940 950 964 the
962 940 1092 971 Deanery;
1111 937 1166 963 58¹³.
1201 939 1261 962 And

200 970 232 993 he
244 979 293 994 was
304 972 367 1002 duly
375 973 510 1003 appointed
528 972 700 1007 “yconomum
713 981 755 996 seu
769 974 899 997 custodem
908 972 922 985 ⁷²
938 973 1042 1002 thereos,
1057 973 1086 996 18
1099 972 1154 996 Jan.
1169 979 1174 1000 ;
1189 972 1226 995 59.

167 1010 310 1047 —provisio
317 1013 389 1042 facta
400 1021 443 1044 per
455 1013 600 1044 Episcopum
612 1014 641 1037 de
650 1014 746 1038 Dccano
760 1014 785 1037 in
793 1015 898 1038 Ecclesia
907 1014 1037 1038 Eoeoniensi
1050 1012 1088 1044 [iu
1099 1013 1144 1036 the
1155 1012 1259 1042 margin,

200 1051 225 1066 m
238 1044 331 1076 Bishop
344 1046 517 1069 Grandisson's
530 1046 745 1077 handwriting—“
756 1047 897 1070 Decanatus
910 1047 1005 1070 Exonie
1016 1046 1082 1076 '']‚—

162 1082 193 1104 IN
204 1083 226 1105 N
229 1089 309 1107 omnm
321 1085 428 1113 Dorum,
441 1086 664 1108 Anam—Vacante
681 1093 757 1115 nuper
768 1087 890 1108 Decanatu
902 1086 1005 1108 Ecclesie
1020 1087 1100 1107 nostre
1112 1084 1261 1107 Cathedralis

192 1112 340 1146 Exoniensis,
353 1122 379 1137 ac
391 1116 505 1144 Magistro
518 1116 638 1138 Willelmo
650 1116 679 1138 de
688 1117 844 1144 Kyngescote,
854 1116 973 1138 Canonico
984 1115 1098 1144 ejusdem,
1107 1115 1132 1136 in
1139 1115 1258 1136 Decamnn

191 1144 268 1171 ipsius
277 1144 359 1173 electo,
368 1145 492 1174 ipsiusque
500 1145 630 1167 Eleccionis
640 1147 736 1174 negocio
748 1146 823 1174 uobis,
833 1146 863 1167 W
865 1146 946 1173 altero,
958 1145 1111 1174 permissione
1119 1144 1206 1166 Divina
1214 1143 1259 1165 Ex-

192 1173 283 1196 oniensi
290 1174 416 1203 Episcopo,
425 1176 509 1203 postea
516 1177 651 1203 presentato
660 1178 683 1197 et
692 1182 769 1197 corani
778 1175 846 1197 nobis
856 1175 1004 1204 aliquamdiu
1011 1174 1152 1202 examinato,
1163 1173 1259 1196 tandem

191 1202 329 1225 ulteriorem
341 1204 547 1226 Examinacionem
560 1205 636 1233 ipsius
648 1205 739 1233 negocii
750 1207 773 1227 et
785 1205 879 1227 finalem
891 1205 1113 1233 pronunciaeionem
1124 1205 1149 1225 et
1159 1202 1259 1225 totalem

191 1233 365 1255 exhibicionem
383 1234 459 1262 ipsius
478 1235 575 1263 negocii,
597 1241 644 1256 una
663 1241 717 1256 cum
736 1236 855 1263 potestate
876 1234 1017 1263 providendi
1038 1234 1114 1256 eidem
1132 1231 1261 1255 Exoniensi

193 1262 296 1285 Ecclesie
314 1265 338 1285 et
354 1264 430 1292 ipsius
450 1264 582 1285 Decanatui
600 1264 628 1286 de
650 1264 750 1286 Persona
769 1264 869 1293 ydonea,
887 1264 907 1286 si
923 1263 953 1286 ad
969 1271 1011 1285 nos
1028 1263 1079 1292 ipso
1092 1263 1147 1292 jure
1163 1265 1201 1284 vel
1217 1268 1260 1290 per

191 1292 341 1314 Sentcnciam
358 1294 465 1321 potestas
482 1293 621 1321 hujusmodi
640 1294 664 1315 in
683 1297 795 1316 eventum
812 1293 980 1315 infirmacionis
1001 1292 1107 1321 ejusdem
1129 1291 1260 1314 Eleccionis

191 1322 338 1344 inveniretur
348 1323 453 1351 legitime
464 1323 584 1351 devoluta,
603 1323 664 1345 vices
676 1326 768 1345 nostras
779 1323 804 1345 in
815 1323 868 1351 hiis,
887 1325 911 1345 et
922 1323 946 1345 in
958 1322 1068 1345 omnibus
1080 1322 1132 1344 aliis
1143 1321 1259 1350 premissa

190 1352 390 1380 contingentibus,
409 1352 517 1374 discretis
534 1353 590 1374 viris
602 1353 704 1374 Domino
716 1353 890 1375 Archidiacono
902 1353 991 1374 Earum
1003 1354 1027 1374 et
1038 1352 1155 1380 Magistro
1167 1351 1259 1379 Rogero

190 1381 220 1403 de
238 1381 318 1410 Otery,
338 1381 457 1404 Canonico
474 1382 498 1403 iu
517 1382 621 1404 Ecclesia
640 1383 775 1410 Exoniensi,
796 1382 942 1411 conjunctim
964 1384 988 1404 et
1009 1381 1113 1409 divisim,
1133 1380 1179 1403 sub
1196 1381 1260 1402 certa

191 1411 268 1432 forma
286 1411 400 1433 duximus
419 1412 616 1440 committenda&
644 1412 685 1440 qui
703 1413 727 1433 in
746 1412 810 1434 dicto
827 1412 923 1440 negocio
944 1411 1016 1433 simul
1037 1410 1186 1439 aliquamdiu
1207 1416 1259 1438 pro-

191 1442 319 1463 cesserunt.
353 1441 388 1462 Ac
405 1441 500 1463 demum
517 1442 580 1463 idem
597 1441 912 1470 Archidiaconus—Collega
923 1448 967 1463 suo
978 1440 1071 1470 prefato
1082 1447 1107 1462 se
1118 1440 1254 1467 excusante,

190 1470 277 1498 —quia
292 1470 384 1492 invenit
399 1471 486 1492 dictam
504 1471 660 1498 Elecciomm,
678 1473 706 1493 ut
722 1472 844 1499 asseritur,
862 1472 943 1493 contra
958 1471 1059 1492 formam
1071 1469 1259 1492 Constitucionis

191 1499 255 1527 Quia
261 1502 360 1528 propter
371 1500 521 1528 celebratam,
544 1502 568 1523 et
581 1501 636 1529 quia
648 1501 726 1522 dictus
739 1501 834 1523 Electus
846 1500 964 1522 Eleccioni
975 1500 1080 1528 predict-e
1091 1499 1153 1521 infra
1162 1500 1258 1527 tempus

190 1536 203 1551 a
218 1529 273 1557 jure
291 1531 411 1551 statutum
430 1529 535 1558 legitime
552 1537 599 1552 non
619 1531 752 1558 consensit3
779 1537 877 1558 necnon,
899 1537 927 1552 ex
946 1530 999 1552 aliis
1011 1529 1088 1551 causis
1111 1535 1158 1557 que
1176 1528 1258 1557 ipsum

189 1559 325 1587 movebant,
344 1559 475 1588 predictam
486 1560 633 1581 Eleccionem
650 1560 785 1588 infirmavit,
799 1560 908 1587 cassavit,
926 1561 950 1582 et
965 1559 1076 1587 irritavit,
1089 1560 1113 1580 et
1123 1564 1171 1580 non
1181 1557 1259 1579 valere

191 1589 357 1616 pronunciavit
374 1589 550 1611 sentencialiter
567 1591 591 1611 et
610 1589 742 1617 diffinitive,
764 1589 946 1618 predictumque
962 1589 1072 1611 Electum
1089 1588 1154 1610 omni
1166 1587 1221 1616 jure
1237 1587 1257 1609 si

190 1618 255 1646 quod
275 1618 362 1640 habuit
383 1619 473 1640 virtute
492 1619 597 1647 predicte
618 1619 749 1641 Eleccionis
770 1619 794 1640 in
814 1619 921 1647 predicto
940 1618 1062 1640 Decanatu
1083 1618 1120 1639 vel
1137 1617 1168 1639 ad
1188 1617 1258 1638 illuni

190 1647 311 1676 privatum
333 1655 383 1670 esse
405 1648 580 1677 pronunciavit,
604 1649 771 1677 Electoresque
790 1649 865 1677 ipsius
886 1649 1005 1677 potestate
1024 1647 1126 1676 eligendi
1145 1646 1188 1668 illa
1207 1646 1259 1668 vice

190 1677 309 1705 privavit;
327 1684 418 1699 necnon
426 1678 468 1706 jus
479 1678 628 1706 providendi,
642 1678 683 1700 illa
694 1679 751 1706 vice,
765 1678 839 1700 eidem
854 1678 955 1700 Ecclesie
966 1677 995 1699 de
1007 1677 1100 1699 Decano
1111 1676 1142 1698 ad
1152 1682 1195 1698 nos
1206 1681 1256 1697 esse

191 1707 331 1729 devolutum
352 1707 519 1729 senteuciando
539 1707 651 1730 decrevit.
695 1708 787 1735 Postea,
812 1714 873 1735 vero,
897 1707 960 1729 dicte
981 1707 1083 1729 Ecclesie
1104 1706 1133 1728 de
1154 1706 1257 1733 Decano,

191 1736 301 1759 videlicet
317 1737 345 1758 de
362 1737 463 1759 discreto
474 1737 532 1764 viru,
547 1737 660 1766 Magistro
674 1737 841 1759 Bartholomeo
852 1737 881 1759 de
892 1737 978 1759 Sancto
990 1735 1127 1763 Laurencio,
1140 1735 1259 1757 Canonico

189 1766 296 1794 ejusdem
308 1766 410 1788 Ecclesie
426 1766 539 1795 providit,
560 1768 584 1789 et
602 1767 703 1788 eundem
714 1767 862 1789 Dccanatum
878 1766 954 1788 eidem
970 1766 1080 1793 contulit,
1095 1765 1167 1793 juxta
1178 1764 1259 1786 datam

190 1795 236 1817 sibi
252 1802 294 1824 per
309 1803 359 1823 nos,
377 1798 405 1818 ut
420 1796 575 1824 premittitur,
594 1798 745 1825 potestatem.
779 1797 799 1818 A
812 1803 859 1825 qua
874 1796 1041 1823 infirmacione,
1060 1794 1200 1822 cassaeione,
1215 1800 1258 1816 seu

189 1825 331 1853 irritacione,
350 1827 374 1847 et
385 1826 415 1847 ab
426 1825 479 1847 aliis
490 1826 665 1854 gravaminibus
682 1833 724 1854 per
735 1833 777 1847 nos
794 1828 863 1848 autea
879 1825 986 1854 predicto
999 1825 1114 1853 Magistro
1127 1823 1255 1851 Willelmo,

189 1854 278 1883 Electo,
301 1856 330 1877 ut
350 1855 410 1877 falso
431 1855 581 1877 asserebatur
603 1855 685 1883 illatis,
713 1855 774 1877 idem
803 1855 917 1884 Magister
943 1855 1078 1877 Willelmus
1104 1853 1135 1876 ad
1162 1853 1256 1876 Curiam

134 1963 231 1993 prefata
251 1963 344 1986 directe
364 1963 464 1993 possitis
482 1963 520 1986 via
537 1963 611 1993 plana
629 1966 655 1986 et

134 1995 200 2026 regia
209 1995 321 2025 optinere
326 2003 335 2025 1
341 1996 426 2018 usticie
434 1996 653 2026 complementum,

134 2028 187 2051 sine
210 2028 365 2051 detraccione
391 2028 533 2058 cujusque3
562 2036 592 2051 ne
616 2029 653 2051 ul-

134 2061 213 2084 terius
229 2061 254 2083 in
270 2068 350 2083 ramos
368 2063 413 2083 aut
431 2061 547 2091 palmites
563 2061 653 2090 iniqui—

134 2093 194 2116 tatis
210 2095 303 2116 temere
321 2093 511 2123 protendantur,
528 2096 553 2116 et
565 2093 654 2116 exinde

134 2126 273 2149 multorum
291 2126 440 2156 inquietudo
461 2126 584 2156 procedat
621 2126 655 2148 Et

134 2158 196 2189 quid
216 2166 290 2189 super
308 2158 356 2181 hiis
371 2158 495 2182 duxeritis
510 2158 653 2181 iaciendum

739 1963 810 1986 nohis
842 1971 918 1994 quam
953 1963 1029 1986 cicius
1066 1961 1180 1993 poteritis
1216 1969 1260 1992 per

738 1996 885 2026 portitorem
910 1996 1068 2019 Presencium
1095 1994 1258 2018 demandetis.

739 2029 847 2051 Valeatis
861 2029 996 2051 l-—Datum
1008 2028 1076 2058 apud
1088 2026 1259 2051 Stebenhethe

739 2060 868 2091 [Stepney]
888 2061 935 2084 suh
955 2061 1035 2091 sigillo
1051 2063 1136 2083 nostro
1153 2059 1258 2089 privato,

739 2102 753 2116 v
772 2093 897 2116 Kalendas
907 2093 998 2123 Aprilis
1013 2093 1054 2122 [28
1068 2092 1171 2122 MarchJ,
1184 2091 1258 2115 Anno

739 2126 841 2149 Domini
853 2126 892 2149 ΜΟ
905 2126 1002 2150 CCCffl⁰
1013 2124 1230 2149 tercio.’'—F.J.B.
