1328 2295
461 143 644 171 GENERAL
669 144 807 171 INDEX.
1147 137 1218 173 297

155 220 179 243 N
180 220 249 250 orice,
262 222 287 244 et
297 221 369 244 ceteri
379 228 459 244 omnes
466 222 495 244 de
504 222 645 250 Hundredo,
655 222 739 251 jurati,
748 222 832 244 dicunt
846 221 911 251 quod
917 220 1034 243 Dominus
1042 222 1067 244 et
1077 221 1181 244 ballivus
1193 228 1218 244 se

157 250 246 273 habeut
254 252 282 273 ut
293 251 316 273 in
324 251 397 280 priori
404 252 556 274 Visitacione.
590 252 687 278 Dicunt,
700 253 782 280 eciam,
792 251 856 280 quod
867 251 974 279 credunt,
985 251 1026 279 xiij
1039 250 1076 273 vel
1086 251 1138 279 xiiij
1150 251 1218 273 annis

156 279 250 308 elapsis,
261 280 373 309 Magister
381 281 396 303 J
399 281 511 309 ohannes,
522 281 600 304 dictus
609 281 710 308 Nobilis,
722 282 859 309 Firmarius,
869 282 924 308 etc„
937 281 962 302 111
972 281 1022 302 fata
1033 280 1141 308 decessit,
1150 282 1173 302 et
1185 287 1219 302 re-

156 309 244 331 mansit
253 310 384 332 Manerium
392 310 417 332 in
423 317 495 332 mauu
503 311 591 333 Decani
599 312 623 332 et
630 311 743 339 Capituli,
755 311 800 333 sub
809 310 1031 337 custodiadordani,
1042 310 1127 337 clerici,
1136 309 1220 332 ballivi

156 339 291 367 eorundem,
304 346 380 368 usque
396 340 425 362 ad
443 341 541 362 Festum
551 340 684 368 Epiphanie
701 340 810 368 proximo
828 346 944 369 sequens;
962 339 1023 361 circa
1038 339 1103 368 quod
1120 339 1219 361 Festum

158 370 273 391 venerunt
283 369 399 391 Ricardus
407 369 527 398 Munceyn
538 371 562 392 et
570 369 704 391 Willelmus
715 370 855 398 Dyrewyne,
864 376 893 391 ex
904 370 971 398 parte
983 368 1092 397 Magistri
1102 368 1118 390 J
1120 368 1220 390 ohannis

157 404 221 420 11000
238 398 355 426 Firmarii,
372 400 397 421 et
417 400 530 427 ceperunt
551 399 668 427 seysinam
686 399 786 421 Manerii
806 402 831 421 et
851 399 1025 421 sacramentum
1045 398 1168 420 fidelitatis
1189 398 1220 420 ab

157 427 303 456 hominibuS,
321 428 416 450 nomine
432 428 533 457 predicti
548 428 657 456 Magistri
675 428 800 450 ι1011001113.
840 428 871 450 Et
888 435 915 450 eo
932 429 1038 456 tempore
1056 428 1154 450 1110111111,
1170 427 1220 456 agri

157 457 261 484 yemales
281 457 340 479 culti
367 464 409 486 per
436 458 571 486 predictum
598 458 737 480 defunctum
748 465 754 485 ;
780 464 882 486 quorum
905 464 1015 486 agrorum
1038 457 1131 479 fructus
1157 463 1221 479 1111110

158 486 288 508 Firmanus
306 487 364 509 emit
381 487 411 509 ab
422 487 596 509 Executoribus
614 487 673 509 dieti
684 487 801 509 ι1011111013
813 487 914 509 Nobilis.
948 487 1050 509 Fructus
1066 486 1174 508 defuncti
1195 486 1220 508 111

157 516 254 544 grangia
270 516 406 545 existentes,
425 523 479 538 cum
492 517 554 544 10110,
574 517 632 538 emit
648 517 664 539 J
667 517 769 539 ordanus
788 517 818 538 ab
836 516 1017 544 Executoribus,
1038 517 1062 538 et
1078 516 1108 538 de
1126 516 1160 538 eis
1176 522 1220 544 pro

158 545 282 567 voluntate
293 552 336 568 sua
346 546 472 574 disposuit,
485 546 520 568 ita
530 546 594 575 quod
612 546 685 568 nichil
702 547 815 568 remansit
829 546 936 574 predicto
949 545 1063 574 Magistro
1074 545 1180 568 Johanni
1191 545 1221 567 de

158 574 247 597 ibidem
257 575 360 597 inventis
371 575 417 598 nisi
433 575 542 598 redditus
558 575 646 598 assisus
656 576 760 597 Termini
772 575 873 603 Natalis,
886 582 957 604 quem
967 576 1025 597 tunc
1035 575 1112 603 primo
1123 575 1219 603 recepit,

158 605 183 626 et
192 605 280 626 terram
290 604 405 627 incultam
416 606 504 627 extunc
514 605 642 633 colendam,
653 612 707 627 cum
716 605 827 627 omnibus
838 605 890 627 aliis
901 605 931 627 ad
944 604 1077 633 predictum
1086 604 1220 626 Manerium

157 634 329 662 spectantibus,
342 634 454 657 solvendo
466 635 565 663 firmam,
578 636 607 657 ut
617 635 689 657 moris
700 636 743 663 est,
756 641 798 663 pre
810 634 934 663 manibus3
950 634 1018 663 ibid„
1031 640 1090 663 page
1101 634 1136 657 40.

135 672 240 696 III.—A
251 672 321 696 third
335 672 464 697 Visitation
475 681 524 696 was
533 673 592 697 held
601 673 634 704 by
643 674 687 697 the
696 681 763 697 same
773 681 873 704 persons
890 673 958 703 (here
974 673 1052 697 called
1065 673 1078 684 ‘⁴
1087 673 1221 697 Senescalli

167 705 287 728 Scaccarii
298 705 406 729 Ecclesie
418 706 489 729 Beati
501 706 570 729 Petri
581 706 728 730 Exoniensis
737 705 770 737 ¹'),
789 707 803 717 ‘¹
813 706 853 730 die
871 706 941 730 Lune
961 706 988 729 in
1005 706 1112 730 crastino
1129 706 1221 730 Sancte

170 737 299 761 Trinitatis
312 737 336 768 (3
349 738 436 767 June),
451 739 554 767 1303,—

129 768 174 791 Per
185 768 316 791 Heni-icum
326 769 356 791 de
367 769 504 798 Bydewille,
517 769 533 792 J
536 769 652 792 ohannem
669 771 708 792 ate
719 770 807 798 Merhs,
820 770 836 793 J
838 770 955 792 ohannem
972 771 1010 792 ate
1021 769 1129 799 Heghen,
1142 769 1221 792 Adam

158 798 187 820 de
204 798 344 827 Langeford,
358 799 490 821 Walterum
501 799 651 827 Alisaundre,
664 800 769 822 Alanum
787 800 816 822 de
834 799 974 828 Langeford,
988 799 1120 822 Henricum
1131 799 1218 828 Dolyn,

158 827 287 850 Ricardum
298 828 380 856 Gosce,
394 829 522 851 Ricardum
541 829 569 851 de
581 829 718 857 Bydewille,
732 829 860 851 Ricardum
870 829 962 851 dictum
974 829 996 851 N
999 830 1053 857 oriz,
1066 829 1181 851 Thomam
1192 829 1222 851 de

158 857 309 885 Wynescote,
321 858 451 886 Deudeney
462 858 491 880 de
503 858 652 887 Wynescote,
664 859 796 881 Walterum
808 859 836 880 de
847 859 936 887 eadem,
947 858 1088 887 Philippum
1099 858 1181 881 Bonde
1193 858 1222 880 de

159 886 248 915 eadem,
258 887 391 909 Walterum
398 887 548 916 Carpentare,
560 888 692 910 Walterum
703 888 724 910 le
734 889 813 917 Wyse,
823 888 956 910 Walterum
968 888 1061 916 Norice,
1072 888 1222 916 Stephanum

160 916 296 945 Uppehille,
309 917 425 939 Thomam
441 918 470 939 de
481 917 613 945 Northone,
627 918 758 940 Henricum
774 918 803 939 de
822 918 916 940 eadem:
936 919 960 939 et
975 918 1047 940 ceteri
1063 917 1093 939 de
1104 918 1219 945 Manerio,

157 945 241 974 jurati,
254 946 345 974 dicunt,
357 953 400 975 per
416 948 589 969 sacramentum
606 954 684 975 suum,
698 947 762 976 quod
774 947 855 969 eadem
866 949 923 969 sunt
935 947 1079 969 Ornameuta
1089 947 1114 969 in
1125 947 1223 976 Capella

160 982 207 1003 que
217 975 312 998 fuerunt
323 978 429 1004 tempore
439 976 547 1004 Magistri
554 977 569 998 J
572 976 678 999 ohannis.
712 977 743 999 Et
751 977 847 1005 Capella
858 977 934 999 multo
945 976 1068 999 meliorata
1078 978 1114 999 est
1125 977 1150 998 in
1160 978 1224 999 tecto

160 1008 185 1027 et
200 1005 340 1033 parietibus,
353 1007 377 1027 et
387 1007 423 1028 est
434 1006 531 1034 Capella
541 1006 599 1028 satis
610 1006 727 1028 sufficiens
739 1006 769 1028 ad
782 1007 921 1029 Manerium.
954 1006 1051 1034 Dicunt,
1064 1006 1145 1034 eciam,
1159 1006 1224 1035 quod

160 1034 186 1056 in
201 1034 273 1062 Aula,
290 1035 339 1057 alta
355 1041 454 1063 camera,
472 1035 565 1063 celario,
583 1036 691 1064 coquina,
704 1038 728 1058 et
746 1036 835 1064 dayria,
848 1036 909 1057 nulli
929 1037 987 1058 sunt
1003 1035 1118 1058 defectus.
1152 1036 1222 1064 Item,

161 1064 275 1086 estimant
288 1064 319 1086 ad
336 1064 395 1093 xijd.
408 1064 527 1087 defectum
542 1065 567 1086 in
584 1066 673 1093 pariete
690 1065 755 1093 nigre
771 1072 876 1092 camere3
893 1066 917 1087 et
932 1065 957 1087 in
972 1065 1055 1087 eadem
1070 1072 1163 1087 camera
1178 1065 1226 1087 fuit

162 1093 248 1115 latrina
258 1100 305 1123 que
315 1094 408 1116 dirruta
418 1096 454 1116 est
465 1096 571 1122 tempore
579 1095 687 1123 Magistri
695 1095 710 1116 J
714 1095 820 1122 ohannis,
831 1095 867 1123 cuj
873 1101 899 1116 us
910 1095 1101 1123 repparacionem
1113 1095 1226 1117 estimant

161 1123 192 1145 ad
207 1123 264 1152 iijs.,
277 1130 332 1145 cum
346 1123 459 1146 meremio
474 1124 503 1146 de
515 1124 646 1146 Dominico.
680 1124 749 1152 Item,
762 1124 845 1146 dicunt
856 1124 920 1153 quod
936 1125 961 1146 in
971 1124 1068 1153 grangia
1078 1124 1179 1153 siliginis
1190 1125 1227 1147 est

161 1152 268 1175 defectus
288 1153 314 1175 111
334 1154 405 1181 tecto,
428 1160 500 1182 quem
526 1153 644 1175 defectum
670 1154 782 1176 estimant
803 1153 833 1175 ad
854 1154 904 1181 Κῶ,
926 1153 956 1175 (10
981 1154 1077 1182 proprio
1102 1154 1224 1176 meremio.

162 1182 352 1211 Verumptamen
370 1186 406 1204 est
423 1183 504 1204 eadem
520 1183 616 1211 grangia
632 1183 657 1205 in
675 1183 733 1205 adeo
750 1183 812 1205 bono
828 1184 894 1205 statu
905 1183 968 1205 sicut
979 1183 1093 1212 Magister
1102 1183 1225 1206 dohannes

162 1218 215 1233 eam
231 1212 328 1240 recepit,
347 1213 446 1240 excepto
463 1212 505 1234 illo
526 1212 629 1237 defectu.
671 1213 741 1240 Item,
761 1213 845 1234 dicunt
862 1212 926 1241 quod
943 1213 1040 1241 grangia
1058 1219 1130 1235 avene
1147 1214 1183 1235 est
1200 1213 1226 1235 iu

162 1241 254 1263 meliori
270 1243 336 1263 statu
355 1248 427 1270 quam
447 1242 495 1264 suit
511 1243 618 1270 tempore
638 1249 685 1270 quo
707 1242 770 1264 idem
790 1242 904 1270 Magister
920 1249 972 1264 eam
990 1242 1110 1271 suscepit,
1133 1244 1222 1271 tamen,

162 1270 279 1293 defectiva
290 1272 337 1299 est;
350 1271 418 1299 cujus
429 1271 619 1300 repparacionem
631 1272 743 1294 estimant
754 1271 784 1293 ad
795 1271 844 1300 vjd.
873 1272 942 1300 Item,
955 1271 1038 1294 dicunt
1048 1272 1114 1300 quod
1125 1279 1226 1300 parvum

163 1300 287 1322 stabulum
302 1302 339 1323 est
353 1301 378 1322 in
394 1301 486 1322 meliori
504 1302 568 1323 statu
580 1308 651 1329 quam
669 1301 749 1329 ipsum
765 1301 869 1329 recepit:
887 1302 930 1329 est,
943 1302 1031 1329 tamen,
1043 1301 1188 1324 defectivum
1201 1302 1227 1323 in

164 1331 235 1358 tecto,
248 1330 317 1358 cujus
332 1330 523 1359 repparacionem
536 1331 648 1352 estimant
659 1331 688 1352 ad
699 1331 736 1359 ijs.
769 1331 865 1358 Dicunt,
879 1331 960 1358 eciam,
973 1330 1039 1359 quod
1049 1337 1116 1359 sepes
1127 1331 1226 1353 circum-

163 1366 257 1388 quaque
268 1360 358 1381 curiam
369 1362 393 1382 et
401 1360 526 1388 gardinum
534 1360 645 1382 defectivi
654 1360 705 1388 (sic)
714 1361 771 1382 sunt
782 1367 786 1388 ;
799 1361 840 1389 (1111
847 1360 953 1382 defectus
961 1360 1112 1389 contigerunt
1120 1361 1227 1389 tempore

165 1389 273 1418 Magistri
284 1389 399 1412 Willelmi
410 1396 414 1411 :
431 1391 519 1417 tamen,
532 1389 556 1411 in
568 1389 659 1411 meliori
670 1391 736 1412 statu
750 1391 807 1412 sunt
817 1396 890 1418 quam
901 1397 928 1412 ea
939 1389 990 1418 (sic)
1002 1390 1121 1418 suscepit3
1134 1391 1158 1412 et
1168 1390 1227 1412 adeo

163 1418 298 1441 emendavit
309 1419 435 1447 gardinum
446 1419 511 1448 quod
522 1419 598 1441 valere
609 1419 680 1441 debet
695 1426 737 1448 per
747 1426 835 1441 annum
847 1419 877 1441 ad
888 1426 904 1441 x
915 1419 984 1441 dolea
994 1419 1077 1441 0100101
1087 1419 1142 1448 plus
1154 1426 1226 1448 quam

162 1448 237 1477 prius,
249 1448 353 1476 gardinis
363 1448 423 1470 bene
433 1448 639 1470 fructificantibus.
674 1449 743 1476 item,
756 1449 840 1471 dicunt
851 1449 916 1477 quod
928 1449 1042 1471 bercaria²
1053 1450 1121 1471 extra
1130 1451 1226 1478 portam

163 1478 227 1500 curie
242 1478 339 1500 ruinosa
354 1479 390 1500 est
406 1478 529 1506 totaliter3
546 1479 569 1500 et
585 1480 691 1506 tempore
704 1478 812 1506 Magistri
823 1479 940 1500 dohannis
956 1478 1045 1500 corruit
1056 1479 1158 1507 quedam
1170 1485 1224 1507 pars

163 1507 234 1535 muri,
247 1507 289 1536 qui
305 1508 386 1536 potuit
402 1507 523 1536 repparari
539 1514 581 1536 per
597 1508 664 1536 viijsl.
697 1508 728 1529 Et
743 1508 865 1530 residuum
879 1508 981 1530 aliorum
992 1508 1129 1530 defectuum
1139 1508 1226 1530 accidit

164 1538 270 1565 tempore
281 1537 391 1565 Magistri
403 1537 524 1564 Willelmi,
537 1544 599 1559 nunc
611 1537 726 1559 Firmarii.
760 1538 830 1565 Item,
843 1537 926 1559 dicunt
941 1537 1005 1566 quod
1016 1537 1064 1560 duo
1080 1538 1227 1560 columbaria

164 1566 269 1595 suscepit
285 1566 398 1595 Magister
408 1567 424 1589 ,J
427 1566 538 1594 ohannes,
551 1573 653 1595 quorum
673 1573 747 1589 unum
764 1567 854 1589 corruit
870 1568 976 1596 tempore
993 1567 1085 1596 ipsius,
1102 1568 1144 1596 qui
1160 1567 1227 1589 aliud

164 1603 253 1618 novum
264 1597 289 1618 et
299 1596 389 1618 bonum
399 1596 540 1624 construxit,
553 1597 578 1618 in
596 1596 642 1618 alio
661 1596 720 1624 loco,
733 1596 869 1625 equivalens
881 1596 918 1618 vel
935 1596 1027 1619 melius.
1060 1597 1130 1625 Item,
1143 1597 1227 1619 dicunt

166 1625 230 1654 quod
240 1626 287 1648 fuit
298 1625 460 1647 molendinum
471 1626 528 1648 alibi
539 1626 613 1647 situm
624 1626 648 1647 in
659 1626 737 1654 bosco,
750 1626 781 1648 ad
791 1626 855 1655 quod
866 1626 1001 1655 aliquando,
1014 1628 1120 1655 tempore
1131 1626 1226 1655 yemali,

166 1655 247 1678 nullus
261 1655 342 1684 potuit
356 1655 478 1677 commode
495 1655 602 1677 accedere
618 1662 672 1677 cum
683 1662 744 1684 equo
755 1662 760 1682 ;
777 1658 811 1677 set
823 1655 951 1684 portabant
961 1656 1060 1678 bladum
1071 1656 1096 1678 in
1107 1656 1211 1678 humeris
1222 1662 1228 1679 ς

165 1692 213 1714 (1110
233 1685 347 1713 Magister
365 1685 486 1707 Johannes
503 1685 560 1707 fecit
576 1685 712 1713 aminoveri,
731 1687 755 1707 et
773 1685 831 1707 alibi
854 1685 915 1707 illud
942 1685 1083 1714 construxit,
1102 1686 1145 1708 ubi
1163 1692 1227 1708 nunc

166 1715 276 1737 situatur.
320 1714 351 1736 Et
368 1714 551 1743 dampnificatur
571 1721 613 1743 per
633 1714 699 1736 illam
720 1715 892 1736 ammocioncm
913 1715 1046 1737 Manerium
1066 1715 1092 1737 in
1114 1715 1228 1744 moltura,

166 1744 326 1773 adaquacione
336 1746 441 1772 pastui-e,
454 1744 525 1772 prati,
538 1745 562 1766 et
573 1747 633 1766 terre
645 1744 748 1772 arabilis,
759 1744 783 1766 in
794 1751 845 1766 xxs.
856 1751 898 1772 per
908 1751 1005 1767 annum.
1038 1744 1134 1773 Dicunt,
1145 1745 1227 1773 eciam,

166 1774 231 1803 quod
241 1774 272 1796 ad
282 1773 444 1795 molendinum
454 1780 517 1795 nunc
525 1773 628 1795 existens
638 1780 686 1795 nnn
696 1776 776 1802 potest
787 1780 849 1802 aqua
860 1774 945 1796 habere
956 1774 1045 1796 bonum
1056 1781 1177 1796 accessum
1187 1781 1230 1796 nec

167 1810 292 1831 recessum,
314 1804 339 1825 et
359 1803 424 1831 quod
443 1803 606 1825 molendinum
626 1803 717 1825 labitur
737 1803 762 1825 in
782 1803 896 1825 abissum.
939 1803 1036 1832 Dicunt,
1059 1804 1141 1832 eciam,
1164 1803 1230 1832 quod

167 1833 288 1862 predictus
307 1833 421 1861 Magister
436 1832 558 1854 Joliannes
577 1832 711 1855 melioravit
732 1833 872 1860 Manerium,
885 1834 992 1861 tempore
1007 1840 1059 1861 3110,
1072 1833 1097 1855 111
1107 1833 1226 1861 domibus,

167 1863 282 1885 clausuris
293 1862 354 1884 circa
371 1863 440 1891 prata
450 1863 474 1884 et
489 1863 571 1890 terras,
584 1862 609 1884 in
625 1862 741 1891 expendio
758 1862 786 1884 de
798 1869 812 1884 x
824 1862 898 1885 libris.
932 1863 1027 1891 Petunt,
1041 1863 1144 1891 insuper,
1157 1862 1228 1891 xijd„

167 1899 227 1921 quos
238 1892 366 1914 Firmarius
382 1892 505 1914 consuevit
520 1892 611 1914 solvere
623 1892 747 1914 annuatim
760 1892 899 1914 decennario
915 1892 1006 1920 ipsius3
1024 1892 1065 1921 qui
1079 1893 1126 1915 sibi
1137 1892 1231 1915 subtra-

167 1922 265 1950 huntur,
277 1923 350 1950 prout
360 1921 423 1943 facta
433 1924 469 1943 est
479 1921 570 1943 mencio
582 1921 606 1943 111
620 1921 694 1950 priori
704 1921 850 1943 Visitacione
860 1928 866 1950 ;
884 1921 950 1950 ibid„
964 1928 1023 1951 page
1034 1921 1080 1951 42].

81 1960 305 2004 Notyngham,
316 1960 394 1992 Rob.
408 1960 456 1998 de,
472 1963 487 1976 “
501 1959 645 1992 Clericus
656 1960 813 1991 Breviuin
824 1960 863 1991 de
874 1960 1041 1992 Soaecario
1053 1960 1069 1973 ''
1082 1972 1089 2000 3
1104 1960 1131 1991 L
1143 1959 1230 1993 210b.

80 2068 90 2085 ¹
106 2072 150 2094 ten
162 2072 221 2094 tuns
233 2069 259 2093 οἰ
270 2069 342 2093 cider.
710 2069 791 2092 which
810 2069 885 2100 sheep
901 2077 965 2093 were
985 2069 1162 2100 fattened,-it
1178 2078 1228 2095 was

80 2102 91 2118 ²
107 2103 148 2127 An
159 2102 292 2132 enclosure,
305 2109 364 2126 near
375 2101 420 2126 the
432 2101 594 2133 Court-yard‚
602 2101 628 2125 in
711 2102 853 2133 something
864 2110 931 2126 more
944 2102 1006 2126 than
1017 2103 1082 2127 ovile.
