1328 2295
45 226 102 247 AJ).

45 253 53 271 l
60 253 124 273 321-2.

322 152 444 179 ROYAL
471 154 636 180 LETTERS
662 156 746 181 AND
774 156 908 184 wmrst
1124 151 1196 184 443

136 228 273 251 acordantes
284 236 298 251 a
308 236 333 252 ee
343 236 371 259 qe
383 230 485 260 adonqes
497 231 549 254 seut
560 233 669 254 assentuz
680 239 708 255 en
716 233 850 262 (1110011011,
860 235 884 256 et
891 240 950 256 vous
960 234 989 256 de
997 234 1021 263 qi
1028 235 1093 257 entre
1101 234 1199 257 touzles

135 258 223 280 aultres
241 259 332 282 Prelatz
347 267 408 282 nous
425 267 485 283 nous
501 268 647 284 asseurames
663 264 687 284 et
698 263 836 285 entendoms
848 270 876 292 qc
887 270 946 286 vous
958 266 1019 286 estes
1030 264 1199 293 especialment

134 288 204 310 tenuz
216 288 245 310 de
256 289 322 311 roler
332 289 378 311 bon
395 290 443 312 issu
461 291 489 312 de
501 291 549 313 cele
560 291 682 320 busoigne,
696 299 755 315 nous
767 300 821 314 avez
837 294 857 315 si
876 295 1036 316 covertement
1052 294 1195 322 remandetz,

131 323 185 339 sanz
196 324 250 340 aver
260 319 342 347 regard
353 326 367 341 a
377 319 400 341 la
411 320 503 342 fourme
513 320 542 342 de
558 322 638 343 nostre
649 321 685 344 dit
697 322 850 345 Mandement
861 330 904 351 par
914 330 977 352 quey
988 330 1047 345 vous
1063 323 1196 346 mandioms

130 348 154 368 et
171 346 307 376 chargeoms
324 355 352 377 qe
368 355 427 371 vous
443 356 503 372 nous
520 351 626 373 certefiez
642 351 821 374 ‹listinctement
836 354 860 374 et
875 354 1023 381 apertement
1034 353 1062 375 de
1073 353 1155 382 pointz
1167 360 1196 375 en

130 376 199 404 point
210 377 239 399 de
250 384 275 399 ce
286 385 315 406 qe
326 385 385 400 vous
396 380 475 401 sentez
491 379 520 402 de
536 380 617 402 choses
634 382 761 403 contenuez
777 388 806 404 en
822 382 920 404 meisme
935 384 1016 405 nostre
1031 383 1192 406 Mandement.

131 405 161 427 Et
171 412 217 434 pur
227 413 331 429 aucunes
342 414 433 436 grosses
444 410 468 431 et
479 409 618 438 chargeants
629 410 756 439 busoignes
771 418 799 440 qe
810 418 869 433 nous
881 418 962 434 avonis
973 412 1059 441 afaire,
1076 419 1101 434 es
1110 419 1191 441 queux

126 441 187 457 nous
204 436 294 459 voloms
311 444 366 459 aver
382 438 551 467 especialnient
568 441 646 462 vostre
664 441 753 462 consail
769 442 793 463 et
811 443 889 463 vostre
906 442 964 470 avis,
987 448 1046 464 vous
1061 442 1152 471 prioms
1169 443 1193 465 et

127 464 262 494 chargeoms
284 467 452 495 especialment
468 475 497 497 qe
513 475 588 491 vewes
608 470 681 491 costes
696 470 796 498 Lettres,
814 472 877 493 totes
893 471 1046 493 excusacions
1062 473 1188 500 cessantes,

124 494 218 523 veignez
234 502 248 517 a
258 503 318 518 nous
329 503 343 519 a
358 497 414 525 plus
425 504 454 519 en
465 498 532 520 haste
548 505 576 527 qe
589 505 647 521 vous
659 506 734 528 unqes
750 502 836 528 porret.
872 501 902 523 Et
912 508 937 523 ee
949 508 978 523 en
988 501 1044 523 nule
1056 508 1149 523 manere
1160 508 1190 523 ne

123 523 201 547 lesset.
235 525 301 548 Dono
313 533 369 548 souz
382 528 461 549 nostre
473 527 542 550 Prive
553 528 613 556 Seal,
627 535 640 551 a
651 528 797 557 Gloucestre,
810 530 831 552 le
848 537 862 552 x
876 530 933 559 jour
949 530 978 552 de
989 531 1096 559 Feverer,
1108 531 1148 553 lau
1159 531 1188 553 de

122 555 201 576 nostre
215 554 293 583 Regne
304 556 392 579 xvmss.”

92 581 193 605 *HL—‘¹
201 584 274 606 Breve
284 585 312 607 de
323 586 429 608 subsidio
439 587 568 615 optinendo
579 589 661 610 contra
673 588 886 616 1'111'11i1'cos,”-—lee
895 590 964 618 Χίης]
976 591 997 612 to
1009 589 1046 612 tlte
1057 590 1187 618 Risum),—

124 612 211 635 “Dum
224 613 358 643 homicidia,
372 616 561 645 depredaciones,
576 617 691 646 incendia,
705 620 729 640 et
743 618 789 640 alia
800 619 904 648 dampna
918 620 1050 647 innumera,
1063 626 1109 648 que
1121 620 1186 642 Scoti

121 641 210 664 inimici
229 645 253 665 01
269 644 368 667 rebelles
382 646 465 673 nostri,
484 648 590 675 tempore
609 647 669 669 bone
686 648 798 670 memorie
817 648 913 671 Domini
930 649 1048 677 Edwardi,
1066 650 1187 672 Genitoris

121 672 204 700 nostri,
226 675 307 695 contra
323 681 394 703 quem
412 675 436 697 in
454 676 606 698 rebellionem
624 680 791 706 proruperunt,
811 680 835 700 et
853 680 934 701 nostro
952 679 1105 707 postmodum
1124 679 1187 701 infra

121 701 227 730 Regnum
247 705 355 726 nostrum
373 705 539 733 multipliciter
558 708 733 735 perpetrarunt,
754 708 778 729 in
797 710 876 730 mente
895 708 1046 737 revolvimus,
1066 709 1186 731 anxietate

119 731 184 759 gravi
195 738 223 753 ex
235 732 281 754 hiis
293 733 392 756 interius
408 735 563 763 perforaumr,
577 737 601 758 et
611 736 661 758 vias
673 738 697 758 et
708 737 791 759 modos
807 738 913 763 cogimur
923 738 1047 767 exquirere
1062 745 1104 767 per
1115 745 1184 767 quos,

120 760 206 783 Divina
222 762 356 790 opitulante
373 764 506 792 clemencia,
520 765 623 793 ipsorum
642 766 759 788 maliciam
772 768 903 795 poterimus
919 768 1042 790 refrenare.
1077 768 1115 796 Et,
1129 768 1186 797 quia

120 790 191 812 iidem
210 791 308 814 rebelles
325 794 406 821 nostri,
429 794 496 816 finita
514 796 598 823 treuga
614 795 676 817 inter
694 803 736 818 nos
758 798 782 819 et
803 797 867 825 ipsos
889 804 965 826 nuper
985 797 1052 825 inita,
1076 797 1185 826 Regnum

119 821 225 842 nostrum
237 821 261 843 in
273 828 358 851 magna
376 823 531 846 multitudiue
548 825 596 852 Jam
615 826 672 846 sunt
683 825 789 854 ingressi,
803 826 826 848 111
843 826 925 848 eodem
938 827 1070 849 consimilia
1081 827 1185 849 facinora

119 851 289 878 perpetrantes,
303 852 361 874 etati
373 853 409 874 vel
420 854 495 881 sexui,
509 860 550 876 seu
568 854 629 876 Loco
641 855 711 877 Sacro
723 855 759 877 vel
771 855 898 884 Religioso,
916 863 963 878 nou
979 858 1116 885 parcentes;
1133 863 1184 885 nos,

118 879 224 901 volentes
241 882 322 903 eontra
338 882 446 904 inimicos
464 885 558 905 nostros
576 884 599 905 111
617 891 689 906 manu
706 885 799 912 potenti
811 892 858 914 qua
874 886 961 908 forcius
978 886 1118 914 poterimus,
1132 893 1186 909 cum

119 909 184 931 omni
198 909 351 933 festinacione
368 912 484 940 progredi,
498 913 528 934 ad
544 913 651 942 ipsorum
667 915 793 942 maliciam,
806 922 861 937 cuni
874 915 916 937 Dei
927 915 1054 944 adjutorio,
1068 916 1185 938 refrenan-

118 938 181 966 dam,
192 940 216 961 et
227 939 256 961 ad
268 941 467 970 tranquillitatem
479 944 503 964 et
514 943 618 971 quietem
631 946 771 972 perpetuam
783 945 867 967 Sancte
879 945 982 967 Ecclesie
993 947 1017 968 et
1029 945 1116 975 Populi
1127 946 1186 968 dicti

118 967 194 996 Regni
211 970 287 991 nostri
305 973 386 993 eontra
413 972 519 1000 ipsorum
534 972 615 1000 jacula
632 973 804 1002 providendam
826 976 956 1003 sperantes,
977 975 1059 1003 eciam,
1080 975 1145 1004 quod
1162 976 1188 997 in

118 998 239 1026 premissis
261 999 339 1022 velitis
366 1007 463 1023 manum
489 1002 615 1024 extendere
639 1003 788 1031 adjutricem,
812 1004 879 1026 vobis
905 1004 1055 1032 mandamus,
1076 1006 1186 1033 rogantes

118 1027 231 1055 quatinus
242 1028 271 1050 de
283 1029 420 1052 hominibus
437 1031 467 1053 ad
478 1038 543 1053 arma
554 1033 591 1054 tot
602 1034 662 1060 quot
678 1032 763 1055 habere
775 1034 891 1062 poteritis,
906 1034 941 1056 vel
958 1034 1005 1056 alio
1021 1034 1129 1056 subsidio
1140 1041 1184 1063 pro

118 1056 258 1085 hujusmodi
278 1059 388 1088 dampnis
410 1062 434 1082 et
455 1061 566 1089 periculis
588 1062 742 1089 eradicandis,
765 1065 789 1085 et
810 1064 939 1085 commodis
960 1065 1035 1086 nostri
1054 1065 1078 1086 et
1097 1064 1185 1093 Populi

118 1087 191 1108 nostri
224 1094 250 1109 ac
277 1089 379 1111 Ecelesie
408 1090 513 1118 predicte
541 1092 703 1119 procurandis,
737 1094 893 1121 competente,
922 1093 952 1115 ad
984 1100 1045 1122 opus
1076 1095 1186 1116 nostrum

117 1116 270 1144 provideatis.
304 1118 343 1140 Ita
363 1120 427 1148 quod
448 1120 524 1142 dictos
546 1121 661 1149 bomineS,
684 1122 755 1144 armis
777 1123 968 1151 competentibus
989 1123 1048 1145 bene
1069 1123 1183 1151 munitos,

117 1147 213 1174 paratos
224 1148 248 1169 et
260 1150 384 1177 promptos
396 1149 504 1172 habeatis
516 1150 677 1173 demittendus
686 1151 715 1173 ad
727 1158 777 1180 nos,
787 1152 817 1173 ad
829 1154 904 1174 certos
916 1152 979 1174 diem
990 1155 1014 1175 et
1025 1153 1112 1180 locum,
1123 1160 1184 1182 quos

117 1175 142 1196 111
160 1175 226 1198 brevi
246 1177 313 1199 vobis
330 1179 389 1200 scire
405 1179 527 1207 faciemus,
540 1180 569 1202 ad
587 1181 783 1209 proficissenduin
800 1182 852 1210 (sic)
869 1182 991 1204 nobiscum
1008 1184 1089 1205 contra
1106 1183 1184 1205 dictos

117 1204 225 1227 inimicos
242 1208 342 1234 nostros,
356 1208 394 1230 vel
411 1208 439 1230 de
457 1209 547 1231 auxilio
564 1210 632 1232 nobis
649 1212 706 1232 tunc
722 1211 871 1239 destinando,
885 1218 939 1233 cum
951 1219 1022 1241 super
1032 1212 1077 1234 1100
1088 1219 1130 1241 per
1141 1219 1184 1234 nos

117 1233 210 1257 fueritis
226 1237 363 1264 premuniti.
399 1238 436 1265 Et,
450 1239 512 1261 sicut
527 1246 569 1261 nos
581 1242 605 1261 et
621 1240 733 1262 honorem
747 1243 864 1268 nostrum,
877 1243 900 1263 01
912 1241 1068 1264 salvacionem
1081 1242 1184 1264 Ecclesie

117 1263 186 1286 Sacre
202 1272 229 1287 ac
245 1266 303 1288 dicti
323 1267 398 1295 Regni
417 1268 499 1295 nostri,
518 1270 541 1290 et
558 1269 757 1298 tranquillitatem
781 1272 805 1292 et
821 1271 924 1299 quietem
942 1273 1082 1300 perpetuam
1096 1272 1183 1300 Populi

116 1294 216 1321 predicti
227 1295 334 1323 diligitis,
348 1297 424 1319 modis
436 1298 546 1320 omnibus
562 1299 663 1321 faciatis.
696 1299 727 1322 Et
744 1300 772 1322 110
789 1307 815 1322 00
827 1300 891 1329 1111011
907 1301 962 1323 111110
974 1302 1048 1323 facere
1060 1301 1183 1323 volueritis

115 1323 184 1346 nobis
203 1331 245 1353 per
261 1327 351 1348 vestras
372 1326 463 1349 Literas
481 1327 593 1350 distincte
610 1330 634 1350 et
654 1331 742 1357 aperte,
771 1330 821 1351 sine
840 1330 955 1352 dilacione
972 1331 1053 1360 aliqua
1074 1332 1182 1354 constare

114 1352 232 1375 faciatis·
248 1355 317 1377 Teste
329 1356 427 1384 meipso,
440 1357 505 1385 apud
516 1357 689 1380 Gloueestriam
698 1359 709 1367 ’¹
726 1359 748 1387 [7
762 1359 837 1388 Feb,].

85 1381 186 1405 412.—‘³
195 1383 220 1405 F
221 1384 296 1406 z'nalis
304 1385 436 1414 Responsio
444 1387 477 1408 [acl
486 1387 558 1409 Breve
566 1387 594 1409 (le
602 1388 700 1410 consilio
711 1388 792 1411 ‹lmzslo
805 1389 867 1417 quod
879 1397 954 1418 supra
963 1391 1078 1419 scriptum
1091 1391 1179 1418 existit,

115 1412 358 1443 —Excellentissimo,
372 1417 426 1443 etc.,
441 1416 568 1444 Walterus,
581 1418 743 1440 etc.—Vesti·e
764 1419 831 1447 Regie
844 1419 998 1442 Oelsitudinis
1015 1420 1093 1449 apices
1104 1427 1181 1449 nuper

115 1442 254 1471 recepimus,
273 1446 391 1472 quatenus
405 1452 468 1467 nunc
485 1447 610 1468 recolimus
627 1448 774 1470 continentes
792 1449 864 1476 1111011,
886 1456 939 1471 cum
958 1450 1053 1471 Domini
1070 1450 1142 1478 Hugo
1159 1450 1181 1472 10

116 1471 255 1501 Despenser,
279 1474 363 1502 senior,
387 1476 410 1497 et
432 1476 504 1504 Hugo
526 1476 547 1498 le
570 1476 708 1505 Dcspenser,
729 1477 817 1505 junior,
840 1485 917 1506 nuper
937 1479 967 1501 all
988 1480 1180 1507 prosecucionem

115 1502 265 1529 quorundam
288 1503 426 1532 Magnatum
445 1505 473 1527 de
491 1506 571 1534 Regno
589 1508 673 1533 vestm,
687 1508 814 1529 etc—The
828 1508 915 1536 Bi'slmp
932 1509 1012 1531 recites
1027 1509 1064 1531 the
1076 1511 1145 1531 tennis
1156 1509 1185 1537 qs

115 1530 152 1552 the
171 1531 238 1559 Wm't,
253 1532 278 1554 in,
295 1540 309 1554 (ι
321 1534 445 1556 somewlzat
456 1535 650 1564 (cbri'dsscdfostm,
663 1536 715 1557 (ιηιῑ
727 1537 837 1565 proceeds
848 1538 1036 1566 assollows,—“
1045 1540 1117 1567 prout
1128 1538 1180 1566 hec,

115 1560 176 1582 inter
197 1562 273 1584 cetera
294 1562 319 1584 in
339 1563 445 1591 predicto
467 1565 537 1586 Brevi
554 1565 635 1593 Regio,
655 1568 731 1588 vestre
750 1567 820 1594 Regie
838 1567 960 1595 Majestati
981 1575 1057 1597 nuper
1075 1575 1117 1597 per
1138 1575 1181 1590 nos

115 1590 220 1618 remisso,
249 1594 276 1614 ut
294 1593 454 1621 meminimus,
478 1594 572 1622 plenius
589 1595 747 1618 continentur.
782 1596 812 1618 Εῑ
827 1603 881 1618 cum
898 1599 979 1619 nostra
990 1598 1122 1626 Responsio
1139 1604 1182 1627 per

115 1619 226 1642 Patentes
240 1620 330 1643 Literas
341 1624 433 1645 nostras
445 1624 572 1652 predictas,
585 1626 662 1647 vestre
674 1625 816 1647 Celsitudiui
828 1627 986 1655 transmissas,
999 1628 1027 1649 ut
1038 1628 1178 1656 recepimuS,

113 1655 160 1671 non
176 1650 287 1678 placeret,
301 1651 357 1673 licet
375 1659 455 1675 revera
472 1653 539 1675 vobis
557 1661 598 1682 per
615 1661 666 1676 eam
685 1655 853 1677 crediderimus
869 1656 994 1684 placuisse,
1012 1657 1135 1685 cupientes
1152 1664 1179 1679 ea

114 1678 190 1701 facere
207 1686 253 1708 que
270 1682 347 1703 vestre
360 1681 430 1710 Regie
448 1683 528 1705 cedere
546 1685 659 1711 poterunt
676 1684 802 1712 voluntati,
816 1685 905 1708 habitis
922 1686 1017 1708 interim
1034 1688 1058 1709 et
1079 1687 1180 1709 ulterius

114 1707 284 1732 deliberacione
306 1711 330 1732 01
347 1712 445 1733 consilio
463 1719 534 1741 super
551 1713 596 1735 hiis
616 1713 724 1741 pleniori,
744 1716 819 1736 vestre
842 1715 984 1738 Celsitudiui
1006 1716 1077 1745 Regie
1098 1718 1179 1739 tenore

115 1737 263 1761 Presencium
277 1739 415 1763 intimamus
427 1742 491 1770 quod
502 1744 631 1765 memorata
639 1743 804 1766 Consideracio
813 1744 907 1767 videtur
918 1745 994 1773 nobis,
1007 1748 1126 1775 quatenus
1137 1753 1181 1768 nos

115 1767 144 1789 de
160 1767 212 1796 ipso
228 1769 330 1797 negocio,
352 1771 392 1798 qui
411 1771 486 1793 eidem
503 1779 549 1793 non
567 1772 727 1801 interfuimus,
748 1780 789 1795 nec
806 1774 828 1795 111
851 1774 915 1796 dieto
932 1775 1037 1797 Concilio
1058 1777 1180 1804 presentes

114 1803 214 1825 eramuS,
233 1798 355 1821 decernere
372 1807 435 1822 nunc
451 1801 565 1829 valemus,
584 1802 630 1824 suit
647 1805 671 1824 et
688 1804 731 1830 est,
750 1805 867 1832 quantum
885 1804 915 1826 ad
929 1804 1027 1827 exilium
1043 1807 1068 1827 et
1083 1805 1179 1827 exhere-

115 1826 245 1855 dacionem,
258 1828 286 1849 de
303 1829 391 1857 quibus
408 1836 481 1859 supra
496 1831 524 1853 fit
540 1832 638 1859 mencio,
657 1839 752 1854 erronea
770 1834 860 1861 pariter
878 1835 902 1856 et
920 1834 1017 1862 injusta.
1053 1835 1122 1857 Unde
1139 1842 1182 1857 nos

115 1857 316 1886 responsionibus,
338 1859 443 1887 consilio,
463 1861 621 1889 requisicioni,
641 1862 664 1883 et
686 1863 810 1884 consensui
831 1863 993 1891 predictorum
1014 1864 1179 1893 Dominorum,

116 1885 304 1916 Archiepiscopi,
319 1888 476 1917 Prelatorum,
494 1891 623 1918 comitum,
642 1892 666 1913 et
686 1891 818 1919 Procerum,
839 1899 865 1914 ac
881 1894 1013 1915 ceterorum
1029 1894 1059 1916 (10
1075 1894 1180 1917 Consilio

114 1916 199 1943 vestro,
213 1922 284 1945 super
296 1920 425 1940 memorato
436 1920 540 1948 negocio,
554 1921 581 1942 ut
598 1921 621 1942 in
633 1920 721 1942 eisdem
734 1921 818 1943 restris
835 1922 943 1950 apicibus
954 1923 1104 1951 pretenditur
1114 1924 1182 1946 vobis

116 1944 192 1972 factis,
219 1948 336 1974 quantum
354 1948 378 1969 in
399 1948 468 1970 nobis
485 1951 528 1977 est,
551 1950 662 1978 quodque
683 1950 823 1979 hujusmodi
842 1952 1044 1975 Consideracionis
1061 1954 1181 1976 revocacio

114 1980 217 2002 congruo
233 1976 304 1998 modo
320 1976 369 2004 fiat,
383 1984 425 2006 per
444 1978 487 2000 has
503 1980 596 2001 nostras
613 1980 724 2002 Patentes
742 1980 832 2002 Literas
848 1982 1016 2005 consentimus.
1050 1982 1180 2011 Quantum,

115 2009 178 2031 ver0,
191 2004 222 2026 ad
238 2005 363 2028 consilium
375 2007 439 2035 quod
459 2015 472 2029 a
491 2008 559 2030 nobis
576 2009 697 2037 expetitur
714 2010 737 2031 in
754 2011 882 2038 premissis,
895 2011 990 2033 videtur
1001 2012 1077 2040 nobis,
1091 2013 1181 2042 absque

113 2033 245 2061 prejudicio
261 2035 353 2057 consilii
370 2037 477 2065 sanioris,
491 2038 556 2066 (111011
568 2038 645 2060 finalis
662 2040 780 2061 revocacio
793 2040 994 2063 Consideracionis
1010 2042 1123 2070 predicte,
1135 2049 1182 2071 que

113 2063 220 2090 tempore
232 2063 384 2087 Parliamenti
398 2066 453 2088 licet
464 2067 553 2096 absque
565 2075 679 2090 consensu
691 2070 714 2090 et
725 2070 846 2097 presencia
858 2070 1005 2092 Prelatorum
1018 2071 1080 2093 facta
1091 2072 1180 2100 extitit,

113 2091 317 2122 honorificencius,
336 2095 430 2124 utilius,
444 2098 466 2118 et
484 2097 589 2119 securius
608 2098 632 2119 in
649 2098 808 2121 Parliamento
825 2100 875 2121 tieri
891 2100 980 2129 poterit
996 2107 1067 2129 quam
1084 2101 1150 2129 alibi,
1163 2102 1183 2124 si

176 2136 247 2172 211·Ζ
