1328 2295
526 159 732 186 SOOTLAND.
1134 148 1204 182 355

144 234 171 255 ut
193 234 267 256 tantis
288 234 472 262 discriminibus,
496 235 546 257 Deo
569 235 683 264 propicio,
706 235 825 264 possimus
851 241 978 261 occurrere,
1002 234 1085 262 totque
1112 233 1207 255 obviare

145 263 264 291 prepediis
285 265 356 293 atque
372 264 489 293 dampnis,
503 265 532 287 ad
551 265 684 287 tollendum
701 265 725 286 in
741 264 897 293 tranquillum
914 264 1048 286 decidentes
1064 263 1159 285 eosdem
1180 270 1207 285 ac

145 292 220 314 solide
243 294 347 315 caritatis
374 294 532 316 unanimitate
555 294 713 323 jungendum,
740 296 796 316 vota
822 296 910 321 nostra,
939 293 1041 315 Domino
1067 292 1205 321 inspirante,

145 321 280 350 direximus,
294 330 382 352 vosque
394 330 452 352 quos
464 324 493 346 ad
510 324 533 345 id
545 324 658 352 elegimus
669 323 789 346 ministros
800 323 897 345 idoneos
909 323 937 344 de
950 323 1060 344 Fratrum
1072 326 1206 344 nostrorum

145 351 242 373 consilio
263 353 286 374 in
317 353 396 375 Partes
423 353 483 381 illas,
506 354 621 382 tanquam
643 354 710 376 Pacis
732 353 841 382 Angelos,
865 354 962 381 propter
988 352 1032 373 hoc
1058 351 1206 380 providimus

146 380 305 404 destinandos.
339 382 370 404 Et
380 384 408 405 ut
420 389 446 404 eo
458 383 562 405 habilius
574 383 611 405 via
621 384 714 412 pateret
725 383 755 405 ad
767 382 939 411 pacificandum
956 381 1090 404 decidentes
1101 380 1204 408 eosdem,

144 416 191 438 quo
209 411 340 433 minoribus
356 419 494 440 guerrarum
510 412 606 435 flatibus
617 414 779 441 quaterentur,
793 413 854 434 inter
870 419 908 433 eos
925 415 948 433 et
964 410 1104 433 adherentes
1117 410 1206 432 eisdem

144 440 201 462 certi
212 441 325 469 temporis
333 443 428 470 treugas
440 442 579 470 indiximus,
588 449 647 471 quas
659 449 672 464 a
683 442 720 464 die
728 442 898 471 publieacionis
910 447 998 468 earum,
1011 440 1098 462 avobis
1106 446 1148 468 per
1154 446 1204 467 vos,

144 469 180 491 vel
192 470 265 492 alium
277 477 319 492 seu
326 471 392 498 alios,
405 471 517 499 faciende,
528 478 599 494 suuni
607 472 716 494 volumus
724 472 829 494 obtinere
839 471 951 500 vigoreuu
960 471 1047 492 extunc
1058 470 1081 491 in
1093 476 1205 498 personas

143 505 189 521 non
217 501 363 522 servancium
390 507 432 523 seu
457 501 638 530 int'ringeneium
666 503 761 529 treugas
788 500 927 528 hujusmodi
944 498 1204 522 Exconnnunicacionis

144 528 268 551 Sentencia
278 530 436 559 promulgata.
448 531 504 558 Vos,
514 532 602 558 autem,
611 531 745 559 injunctum
758 530 823 552 vobis
835 530 937 552 officium
949 531 998 551 tam
1009 529 1122 551 habiliter
1132 535 1205 557 quam

144 558 237 581 utiliter
253 559 338 588 exequi
357 560 486 589 cupientes,
506 560 601 583 directis
616 567 698 582 versus
716 560 866 582 Duneliuiam
882 559 1009 587 gressibus,
1025 558 1053 581 ad
1073 558 1205 580 Robertuni

142 587 222 615 ipsum
239 588 404 611 Venerabilem
424 590 530 612 Fratrem
547 591 655 612 nostrum
675 590 820 618 Episcopum
842 589 1023 611 Corbaviensem
1044 592 1068 610 et
1091 587 1206 610 dilectum

144 617 240 645 Filium,
259 618 399 647 Magistrum
416 619 571 647 Aymericum
589 620 695 647 Gerardi,
716 619 915 641 Archidiaconum
932 618 1058 645 Eliensem,
1078 617 1206 639 familiares

144 649 234 669 vestros
241 649 265 670 et
276 649 382 676 nuncios,
392 649 486 671 mittere
493 649 618 671 curavistis
627 657 632 677 ;
642 649 684 678 qui
693 650 716 671 et
727 649 772 671 sibi
781 649 905 677 pacificum
913 649 1016 670 vestrum
1026 646 1207 676 prenunciarent

142 676 279 705 adventum,
288 679 312 700 et
324 678 415 700 Literas
426 679 515 700 vestras
527 678 627 701 directas
638 679 722 706 eidem,
731 678 844 700 salutaria
855 685 926 706 super
936 677 1048 706 predictis
1060 676 1207 699 continentes

55 704 244 735 fol-1³³bmonita‚
263 708 432 735 presentarent.
466 708 527 737 Ipse,
544 715 606 736 vero,
620 708 749 736 intelligere
766 708 848 730 nolens
865 709 893 729 ut
909 707 968 729 bene
984 708 1070 735 ageret,
1085 707 1121 728 set
1137 712 1206 728 aures

142 742 205 763 suaS‚
214 743 278 758 more
289 737 379 765 aspidis
390 737 467 766 surde,
478 744 506 759 ne
518 737 611 760 audiret
620 744 698 760 vocem
709 738 784 760 Patris
792 738 910 766 sapienter
916 736 1070 764 exhortantis,
1082 735 1204 763 obturans,

142 766 210 794 quasi
236 766 264 788 de
286 766 393 794 impensa
413 767 458 789 sibi
486 774 499 789 a
520 767 588 789 uobis
609 774 680 796 super
701 767 747 788 hiis
769 767 914 795 benignitate
936 766 1051 794 Superbie
1072 765 1206 794 concepisse

142 795 262 817 videretur
283 796 415 824 audaciam,
438 797 588 825 iniquitatem
616 797 644 818 de
671 797 777 818 exhibita
804 797 849 818 sibi
875 803 916 825 per
937 795 1100 824 Apostolicam
1119 795 1202 817 Sedent

142 825 331 853 mansuetudine,
352 832 398 847 non
420 826 509 855 absque
527 826 705 855 ingratitudinis
723 827 792 853 vicio,
812 826 931 854 parturiit,
951 826 1119 853 contempnens
1141 824 1205 852 ipsas

141 855 231 876 vestras
249 855 339 877 Literas
363 855 465 884 recipere
486 863 528 884 per
546 856 644 878 nuncios
662 856 725 884 ipsos
742 856 818 877 cidem
841 855 941 884 oblatas,
959 856 990 881 et,
1010 855 1037 876 ut
1052 855 1204 882 contemptus

140 885 288 912 contemptui
308 884 442 912 adderetur,
466 885 542 907 Litore
564 887 640 907 vestre
660 892 731 914 super
751 887 886 913 treugarum
909 885 1014 913 ipsarum
1040 883 1205 911 publicacione

140 913 252 942 confecte,
266 921 324 942 quas
341 921 383 943 per
399 914 459 936 duos
472 915 564 937 Fratres
577 915 679 937 Minores
697 915 721 936 in
738 915 818 937 Scocia
835 914 975 941 mittebatis,
989 914 1095 941 ingressu
1112 913 1200 944 Scocie,

140 949 186 965 non
202 943 290 972 absque
307 944 382 972 ipsius
394 945 552 973 eonnivencia,
566 945 681 967 violenter
692 945 749 973 ipsis
761 944 839 966 ablate
853 944 983 970 Fratribus,
996 944 1027 970 et,
1041 943 1124 965 Sancte
1136 942 1203 964 Sedis

139 972 229 994 calcata
254 974 393 1001 reverencia,
420 974 528 996 totaliter
553 974 653 996 lacerate
676 974 780 1001 suerunt,
805 974 927 996 Fratribus
949 973 1007 1001 ipsis
1033 972 1202 994 nichilominus

139 1002 284 1024 indumentis
300 1003 415 1031 spoliatis.
451 1003 494 1031 Ne,
508 1011 570 1031 vero,
583 1004 631 1025 fore
643 1006 722 1032 posset
734 1004 872 1032 ambiguum
884 1002 998 1031 quicquid
1010 1001 1164 1030 malignitatis
1176 1001 1199 1023 iu

138 1031 182 1053 hac
200 1033 268 1060 parte
285 1034 431 1061 conceperat,
452 1033 507 1055 licet
524 1035 606 1061 treuge
625 1033 736 1061 predicte.
756 1040 798 1061 per
819 1040 860 1054 ros
879 1033 915 1054 vel
937 1032 1010 1054 alium
1029 1038 1071 1053 seu
1092 1031 1151 1053 alios
1172 1031 1201 1053 de

138 1061 250 1084 mandato
257 1063 335 1084 vestro
346 1069 388 1090 per
395 1062 505 1091 Angliam
514 1063 668 1091 solempniter
678 1063 799 1091 prullicate
808 1063 915 1089 fuissent,
927 1062 960 1084 ita
968 1061 1033 1090 quod
1042 1060 1201 1083 verisimiliter

137 1091 249 1119 potuerat
260 1091 290 1113 ad
301 1092 352 1120 ejus
363 1092 474 1114 noticiam
486 1092 625 1121 hujusmodi
638 1092 771 1120 publicacio
782 1092 922 1120 pem-nisse,
936 1098 965 1113 ne
976 1092 1060 1113 lateret
1071 1097 1125 1112 eum
1136 1090 1201 1119 quod

138 1120 190 1142 aliis
208 1121 300 1143 eminus
317 1121 455 1144 constitutis
472 1129 519 1144 non
537 1122 677 1144 credebatur
696 1122 830 1148 occultum;
848 1122 906 1150 ipsc,
919 1123 1006 1148 tamen,
1020 1122 1115 1148 treugas
1126 1119 1198 1148 ipsas,

137 1156 184 1171 non
201 1150 290 1179 absque
309 1150 384 1172 multe
410 1151 531 1173 insolercie
549 1152 682 1174 temeritate
701 1153 725 1173 et
742 1151 859 1180 plectibili
875 1152 956 1172 nostro
973 1151 996 1172 et
1012 1149 1079 1172 Sedis
1095 1149 1201 1178 predicte

137 1180 283 1208 contemptu,
311 1182 437 1209 spretaque
469 1181 593 1203 Senteucia
623 1181 749 1208 antedicta,
778 1181 899 1202 observare
931 1179 1081 1208 contempsit,
1110 1178 1199 1200 Villam

137 1208 249 1237 Berwyci,
272 1217 343 1238 quam
360 1211 467 1238 prefatus
486 1211 535 1232 Rex
548 1210 632 1239 Anglie
650 1211 795 1239 possidebat,
808 1212 832 1232 et
850 1210 874 1231 in
889 1217 943 1238 qua,
962 1209 991 1231 ad
1009 1209 1085 1237 ipsius
1102 1208 1199 1230 Roberti

136 1238 283 1267 instanciam,
307 1239 336 1261 de
357 1240 417 1262 Pace
439 1240 500 1262 inter
519 1240 604 1268 Regem
622 1240 702 1269 ipsum
719 1242 742 1262 et
763 1240 892 1261 Robertum
910 1239 1010 1261 eundem
1028 1245 1070 1266 per
1086 1239 1200 1260 tractores

134 1268 231 1290 tractari
252 1268 362 1297 debebat,
384 1271 440 1298 post
460 1269 646 1298 lzuiblieacionem
674 1272 811 1296 treugarum
838 1270 943 1297 ipsarum
970 1270 993 1290 et
1017 1267 1198 1290 convencionem

136 1298 252 1320 tractatus
271 1298 354 1326 ipsius,
373 1299 481 1327 nequiter
498 1299 618 1327 invadens,
638 1300 661 1321 et
679 1306 705 1321 eo
723 1299 820 1321 liberius
839 1305 956 1327 occupans
972 1305 1019 1326 quo
1035 1297 1112 1319 minor
1123 1297 1199 1319 eidem

135 1327 193 1356 Regi
212 1329 306 1356 poterat
325 1335 396 1357 super
415 1328 460 1350 hoc
478 1329 552 1350 inesse
571 1329 683 1357 suspicio,
697 1330 799 1351 tractatu
819 1328 936 1357 pendente
954 1327 1067 1356 predictO,
1081 1334 1106 1348 ac
1118 1326 1198 1348 cedem

135 1356 253 1379 crudelem
270 1359 293 1379 et
310 1364 420 1386 magnam
437 1358 461 1380 iu
472 1358 573 1380 Gentem
586 1358 682 1387 Regiam
699 1359 820 1380 sistentem
839 1358 897 1379 inibi
919 1364 944 1379 ac
961 1357 1049 1379 incolas
1060 1356 1123 1378 dicte
1135 1356 1199 1378 Ville

134 1393 256 1414 perperam
268 1388 291 1409 et
302 1387 383 1416 inique
394 1388 552 1415 committens,
566 1395 607 1416 per
624 1388 687 1416 quod
703 1395 749 1409 non
764 1389 800 1409 est
816 1387 915 1409 dubium
929 1387 1059 1409 Robertuni
1076 1386 1154 1414 ipsum
1171 1392 1198 1408 ac

134 1416 159 1437 in
177 1416 223 1438 hiis
240 1416 379 1439 adherentes
400 1417 474 1439 eidem
496 1418 626 1446 predictam
649 1418 796 1440 Sentcuciain
819 1417 950 1441 incurrisse,
976 1416 1017 1437 hec
1036 1417 1060 1437 et
1077 1416 1130 1443 alia,
1150 1422 1197 1444 que

135 1445 231 1467 silencio
242 1447 390 1474 preterimus,
405 1447 511 1468 fecerunt
522 1447 601 1469 dictus
610 1447 728 1469 liebertus
740 1449 761 1468 et
774 1447 907 1475 complices,
921 1447 993 1474 prout
1008 1445 1077 1467 nobis
1088 1445 1198 1467 intimare

134 1475 241 1497 curastis.
260 1475 290 1497 Et
300 1476 419 1498 tacuimus
430 1483 505 1505 usque
520 1477 598 1504 inodo,
611 1478 731 1505 sperantes
743 1478 777 1503 ut,
790 1483 871 1498 eorum
883 1476 953 1498 corda
963 1476 1074 1503 tangente
1086 1475 1197 1503 Domino,

133 1505 189 1532 post
204 1505 325 1527 tantorum
343 1505 437 1534 culpam
456 1513 600 1531 excessuum,
620 1506 721 1534 alicujus
743 1506 918 1527 habilitacionis
935 1506 1002 1533 signa
1020 1504 1194 1533 pretenderent,

133 1534 212 1556 filialis
223 1535 357 1557 devocionis
366 1535 635 1563 exsolverentdebitum,
647 1537 670 1558 et
679 1536 708 1557 ad
720 1542 746 1557 ca
754 1542 799 1563 que
809 1535 937 1563 pacis-sunt
944 1535 1035 1556 animos
1045 1534 1194 1556 inclinarent.

134 1563 191 1592 Ipsi,
204 1570 267 1591 vero,
278 1564 343 1587 velut
354 1565 421 1586 incus
432 1565 583 1592 malleatoris,
594 1565 723 1593 pertinacia
734 1565 835 1587 solidata
846 1564 975 1589 constricti,
986 1564 1105 1592 paciencia
1116 1564 1195 1585 nostre

132 1592 318 1622 longanimitatis
326 1594 510 1623 dampnabiliter
520 1594 652 1619 abutentes,
663 1595 686 1616 in
697 1595 807 1616 elacionis
819 1594 938 1616 obstinate
948 1594 1033 1615 vicium
1046 1594 1193 1615 corruerunt.

134 1622 191 1651 Nos,
204 1623 285 1651 igitur,
308 1623 399 1645 illatam
415 1624 483 1646 nobis
500 1625 523 1646 et
539 1624 675 1652 Apostolice
692 1624 746 1646 Scdi
768 1626 791 1646 et
808 1624 875 1645 vobis
892 1624 916 1645 in
934 1623 1053 1651 premissis
1072 1622 1193 1651 iujuriam,

133 1658 159 1674 ae
177 1652 294 1680 predictos
311 1653 416 1681 ejusdem
436 1653 535 1675 Roberti
554 1654 578 1675 in
596 1653 643 1675 hiis
659 1654 798 1675 adherentes
814 1654 858 1675 sibi
871 1652 1030 1679 detestandos,
1049 1653 1072 1674 et
1088 1658 1194 1673 enormes

133 1688 241 1704 excessus
258 1689 300 1704 nec
312 1682 416 1704 volentes
434 1690 477 1704 nec
488 1683 593 1705 valentes
604 1683 785 1705 conniventibus
801 1683 875 1704 oculis
887 1682 1035 1711 pertransire,
1049 1688 1102 1703 cum
1115 1681 1143 1703 ad
1155 1689 1195 1703 eus

132 1712 320 1740 compescendos,
334 1719 362 1734 ne
378 1712 508 1740 periculose
520 1713 543 1734 in
556 1713 614 1734 alios
626 1713 753 1741 exemplari
766 1713 831 1734 alveo
843 1713 982 1734 diriventur.
995 1711 1152 1733 exuere-endiis
1164 1712 1195 1733 sit

133 1740 214 1768 pocius
232 1741 395 1763 Ecclesiastico
412 1742 503 1770 gladius
523 1742 630 1767 ulcionis,
644 1742 780 1764 discrecioni
798 1744 881 1768 vestre,
897 1742 924 1763 de
940 1748 986 1769 qna
1000 1741 1023 1762 in
1040 1741 1085 1762 hiis
1102 1742 1126 1769 et
1142 1740 1194 1762 aliis

130 1770 224 1798 plenam
245 1771 270 1792 in
289 1771 391 1793 Domino
408 1771 518 1793 fiduciam
541 1772 683 1800 optinemus,
706 1772 853 1793 rusum-ium
876 1774 955 1793 tenore
978 1770 1156 1797 committimus,
1170 1772 1194 1792 et

133 1799 271 1822 mandamus
292 1801 405 1829 quatinus
427 1808 469 1829 per
490 1808 538 1828 vos,
562 1808 602 1823 seu
624 1801 695 1822 alium
719 1803 761 1822 aut
782 1801 847 1827 alios,
867 1800 1000 1829 predictum
1019 1799 1148 1821 Robertum
1170 1801 1194 1821 et

132 1828 269 1851 adherentes
295 1830 371 1851 eidem
396 1830 527 1858 predictam
554 1831 678 1852 incurrisse
705 1831 859 1853 sentem-iam.
899 1830 922 1852 in
950 1829 1059 1851 Ecclesiis
1085 1831 1109 1851 et
1135 1829 1192 1851 locis

132 1858 272 1887 insignibus,
283 1859 407 1887 dequibus
418 1860 528 1888 expedire
539 1859 658 1887 videbitis,
668 1862 739 1888 prout
747 1860 840 1887 justum
852 1861 875 1881 et
887 1866 973 1887 equum
986 1859 1065 1886 fuerit,
1076 1859 1193 1881 nuncietis

133 1887 286 1917 solempniter
306 1890 330 1911 et
351 1889 454 1917 puplice,
477 1889 575 1916 singulis
597 1889 686 1911 Diebus
713 1889 842 1911 Dominicis·
860 1891 884 1911 et
911 1889 1026 1913 Festivis:
1049 1890 1130 1910 contra
1152 1895 1191 1909 eos·

132 1916 300 1940 nichilominus
321 1918 351 1940 ad
369 1925 441 1947 penas
460 1918 517 1940 alias
535 1919 670 1947 spirituales
685 1922 708 1941 et
725 1919 873 1947 temporales,
893 1919 964 1947 prout
980 1918 1048 1939 vobis
1064 1917 1191 1945 videbitur,

130 1946 202 1974 juxta
220 1947 379 1976 predictorum
398 1948 539 1976 qualitatem
556 1955 703 1976 excessuum,
724 1949 874 1970 Auctoritate
893 1947 1031 1976 Apostolica
1043 1947 1172 1975 processuri
1187 1955 1192 1975 ;

130 1977 154 1997 et
164 1976 184 1998 si
194 1977 278 2005 —quod
286 1977 402 1999 absit—-iu
411 1984 453 1999 sua
462 1978 570 2006 nequicia
577 1977 677 1999 ulterius
686 1985 833 2006 perseverare
848 1977 1042 2006 presumpserint,
1052 1977 1190 1998 indurantes

132 2005 207 2027 instar
222 2006 308 2034 lapidis
320 2007 389 2028 eorda
400 2014 450 2034 sua,
461 2007 531 2035 juxta
547 2008 693 2029 coutumacie
710 2014 736 2029 uc
747 2014 886 2029 excessuum
903 2006 1053 2035 exigenciani,
1068 2008 1158 2028 vestros
1169 2006 1191 2027 in

132 2041 171 2056 eos
182 2036 269 2057 curetis
280 2043 417 2064 exaggerare
426 2037 559 2059 Processus.
594 2037 650 2065 Nos,
664 2037 734 2065 enim,
744 2037 858 2065 premissa
869 2037 947 2058 onmia
956 2037 980 2058 et
991 2035 1083 2064 singula
1091 2035 1192 2057 faciendi

132 2065 155 2086 et
165 2065 281 2093 exigendi,
294 2072 384 2087 necnon
399 2066 525 2094 predictos,
539 2068 562 2088 et
578 2073 740 2095 quoscumque
756 2066 814 2088 alios
832 2066 936 2095 predicte
948 2065 1014 2087 Pacis
1031 2066 1055 2087 et
1070 2064 1192 2086 concordie

129 2094 262 2116 turbatores
273 2101 315 2116 seu
326 2095 486 2123 impeditores,
499 2096 548 2118 sive
559 2096 633 2118 incole
645 2096 762 2118 dictorum
772 2096 914 2124 Regnorum,
927 2095 976 2117 sive
987 2095 1131 2123 quicumque
1143 2094 1191 2121 alii,

129 2124 154 2145 et
170 2123 335 2153 undecumque
352 2124 448 2153 fuerint,
467 2126 491 2148 et
508 2132 589 2148 omnes
606 2127 630 2148 et
647 2125 752 2154 singulos
771 2125 905 2154 complices,
924 2124 1052 2153 adjutores,
1074 2123 1194 2152 vaniores,
