1328 2295
352 164 526 193 GENERA‘L
560 163 907 192 mnnx—BOSHAM.
1168 154 1215 191 59

146 245 268 269 hactenus
284 245 337 269 fieri
355 245 491 274 consuevit,
505 244 652 273 exsolvant3
670 252 727 268 cum
744 244 811 274 alias,
824 244 845 268 si
856 244 883 268 id
900 243 935 268 eis
948 244 1041 274 liceret,
1053 244 1117 268 illud
1129 252 1215 275 seque-

149 281 220 302 retur
232 278 407 302 inconveniens
419 278 449 301 de
461 278 535 306 facili,
549 280 579 301 ut
590 286 634 308 pro
647 277 736 300 minori
749 277 823 300 solito
835 277 981 300 ministrum
993 277 1077 300 minus
1089 277 1217 307 ydoneum

147 311 200 334 loco
212 311 310 342 ydonei,
323 311 454 341 presertim
467 318 524 334 cum
543 310 658 341 perpetui
672 318 722 333 non
739 310 856 339 existant,
869 310 928 333 licet
940 309 1065 340 stipendia
1076 310 1128 333 sint
1140 312 1214 340 certa,

50 343 298 367 pena-multociens
321 343 657 374 subrogarent.—Ceterum,
678 351 736 366 cum
758 342 887 366 Prebenda
907 350 984 373 quam
1005 342 1088 365 dictus
1108 342 1217 366 Sacrista

50 368 110 412 ξέῗξέ
149 376 248 406 optinet
262 376 288 399 in
304 376 371 399 dicta
389 376 497 399 Ecclesia
517 376 542 399 in
560 380 669 406 quatuor
684 375 754 398 libris
771 375 869 405 argenti
886 383 900 398 a
914 375 1067 405 quibusdam
1086 375 1215 398 Ganonicis

51 419 125 438 contra
151 409 265 440 ejusdem
278 409 386 432 Ecclesie
398 408 538 439 prestandis
551 408 677 437 consistat,
690 416 718 432 ac
734 416 777 438 per
793 415 873 431 seram
890 407 1086 431 satisfaccionem
1099 407 1217 438 peccunie

50 448 92 462 non
101 443 140 463 sol·
151 442 293 472 supradicte
313 441 380 464 idem
402 441 510 465 Sacrista
530 441 675 471 frequenter
697 448 771 471 grave
794 440 954 470 dispendium
978 440 1097 470 paciatur,
1118 440 1218 463 eosdem

50 470 128 512 {entes
151 474 288 498 Canonicos
300 474 344 504 qui
356 474 387 497 ad
399 473 580 504 prestacionem
593 473 740 504 hujusmodi
758 475 879 496 tenentur
896 473 1045 496 auctoritate
1058 473 1217 495 Presencium

51 499 142 538 cssssqm·
151 514 282 530 monemus
295 509 321 529 et
332 507 463 529 hortamur
475 506 501 529 in
514 506 628 534 Domino,
642 514 686 536 pro
703 506 790 536 prima,
807 506 923 534 secunda,
937 508 962 528 et
980 505 1056 528 tercia
1071 505 1216 534 monicione,

52 542 187 568 saei-istaut,
206 539 279 570 juxta
302 539 509 562 consuetudinem
534 539 641 561 Ecclesie
659 538 808 569 supradicte,
827 538 908 561 eidem
933 538 1039 561 Saeriste
1057 537 1148 567 singuli
1173 546 1217 567 pro

52 569 205 595 deBose-rata
223 571 349 595 Porcionis
365 579 409 594 sue
430 571 460 594 de
481 571 598 600 predictis
619 574 728 601 quatuor
748 571 824 600 libris,
844 571 896 594 suis
916 570 1046 599 Terminis,
1065 570 1219 593 satisfaciant

51 593 109 613 Μαι
152 607 330 635 competenter,
360 604 407 627 sub
435 612 499 634 pena
527 603 800 627 Exeommunicaeionis
824 611 900 633 quam
925 611 992 626 nunc
1015 606 1045 626 nt
1068 605 1168 631 extunc,
1191 603 1218 626 in

54 646 80 666 de
88 646 142 666 mol·
150 645 266 668 personas
279 645 328 660 non
347 636 499 659 solveneium
516 636 666 666 proferimus
683 636 709 659 in
726 636 773 659 hiis
793 636 979 666 Scriptis—Ad
992 636 1043 663 hec,
1057 643 1114 658 cum
1127 635 1217 658 nobilis

53 670 195 698 endinisvir,
210 670 297 693 Comes
316 669 481 697 Marescallus,
496 669 585 692 Petrus
602 669 632 691 de
650 669 779 697 Roteham,
797 671 823 691 et
845 670 953 698 Rogerus
968 668 1090 698 Papillun,
1108 668 1217 698 quedam

151 702 260 725 habeant
271 701 414 725 molendina
424 702 450 724 in
463 701 581 724 Parochia
593 702 624 724 de
637 701 766 728 Boseham,
782 701 812 724 de
829 701 922 731 quibus
940 701 998 724 licet
1013 701 1107 731 grande
1124 700 1217 723 emolu-

151 737 268 758 mentum
285 735 421 765 proveniat,
435 734 505 757 nulla
521 737 606 757 tamen
623 742 653 757 ex
670 734 711 762 eis,
724 734 776 764 jam
795 734 867 764 longo
883 736 1003 763 tempore,
1018 733 1104 756 extitit
1123 733 1219 756 decima

152 767 284 798 persoluta.
298 767 448 797 precipimus
460 770 486 790 et
498 767 647 789 mandamus
664 769 694 789 ut
710 766 827 790 Canoniei
840 766 931 796 quibus
943 766 996 796 ipsa
1006 765 1101 789 decima
1113 766 1220 789 debetur

153 800 257 823 eandem
270 800 391 822 decimam
410 802 525 829 repetant
542 807 599 822 cum
616 799 724 827 effectu3
741 807 799 822 cum
816 799 955 822 subtraceio
972 798 1049 829 ipsius
1065 806 1139 828 grave
1155 798 1219 828 peri—

153 832 238 855 culum
251 832 421 855 detinencium
434 832 564 855 animabus
576 832 686 859 inducat,
700 834 726 854 et
743 831 769 854 in
787 831 950 854 manifestum
968 832 1039 854 cedat
1051 831 1220 861 prejudicium

55 870 81 890 de
88 865 265 890 orna-Ecclesia
280 865 498 895 supradicte—Et
514 864 578 894 quia,
592 864 765 887 deficientibus
784 864 871 893 Libris,
885 866 910 886 et
925 864 979 887 aliis
998 863 1157 887 Ornamentis
1173 871 1222 894 que

57 897 138 924 memis-
156 898 188 921 ad
205 897 309 921 Cultum
326 897 447 920 Divinum
463 897 635 927 requiruntur,
649 897 756 920 Ecclesia
772 897 824 927 ipsa
839 896 928 926 nequit
944 896 1045 919 officiari
1063 898 1093 919 ut
1104 896 1221 919 convenit

57 921 183 953 Eeclemen]
213 930 317 959 Divinis,
341 930 490 960 precipimus
519 932 544 952 et
567 930 715 952 mandamus
744 931 774 952 ut
802 928 936 959 subscripti
964 929 1085 957 defectus,
1105 928 1222 952 videlicet

156 963 272 993 Legenda
289 970 352 986 nova
370 965 395 985 et
414 962 590 986 Collectarium
608 970 702 985 novum
720 962 745 984 in
763 962 838 992 peciis
859 961 1021 985 consistencia
1038 961 1220 990 examinentur,

156 995 319 1026 corrigantur,
340 997 366 1018 et
390 995 518 1025 ligentur;
544 998 663 1025 preterea,
682 1002 763 1017 unum
790 994 969 1024 Epistolarium
998 1001 1055 1017 cum
1074 993 1222 1024 Ewangeliis

155 1027 236 1051 tocius
254 1028 312 1051 anni
329 1027 355 1050 in
379 1036 429 1050 uno
447 1027 581 1050 Volumine
605 1027 746 1056 redigenda,
765 1029 907 1057 competens
925 1026 1128 1050 tabulamentum
1145 1034 1221 1057 super

155 1060 248 1089 Altare,
267 1068 347 1083 unum
365 1060 482 1083 Frontale
500 1060 642 1089 sollempne,
665 1062 691 1082 et
708 1062 759 1082 tres
781 1060 846 1089 Cape
864 1060 894 1082 de
917 1059 994 1082 serico
1012 1059 1135 1088 decentes,
1156 1059 1218 1082 Can-

156 1093 287 1116 delabrum
298 1093 413 1116 Paschale
426 1093 567 1120 honestum,
578 1095 603 1115 et
615 1092 701 1115 tuallie
714 1092 864 1115 sufficientes
876 1092 908 1115 ad
920 1091 1087 1115 Ministerium
1098 1091 1219 1115 Divinum

157 1126 334 1156 peragendum,
348 1125 409 1148 citra
427 1125 521 1148 Pascha
533 1125 645 1155 proximo
658 1125 781 1153 futurum,
795 1125 826 1147 de
838 1132 909 1152 novo,
923 1127 1006 1154 preter
1015 1124 1084 1154 prius
1096 1124 1183 1147 habita
1194 1124 1220 1147 in

60 1157 87 1177 de
102 1157 212 1188 Can-ipsa
230 1158 347 1187 Ecclesia,
365 1157 662 1183 habeantur.—Maxime,
681 1160 774 1185 autem,
792 1157 860 1187 quod
879 1157 1015 1185 Cancellus,
1033 1157 1085 1187 jam
1103 1164 1146 1187 per
1169 1157 1221 1180 loca

59 1183 111 1227 ⁰222
128 1184 151 1202 et
160 1191 227 1214 varia
249 1190 380 1219 distillanS,
405 1190 467 1213 citra
495 1190 598 1213 Festum
624 1190 744 1213 Omnium
765 1190 915 1212 Sanctorum
938 1189 963 1212 in
987 1192 1083 1212 statum
1106 1189 1221 1212 debitum

59 1215 72 1232 Ρ
113 1223 118 1227 ”
159 1225 295 1254 reparetur,
319 1223 365 1246 sub
386 1231 449 1253 pena
467 1222 558 1253 viginti
582 1222 703 1245 librarum
726 1222 820 1245 tociens
843 1222 1080 1245 committendarum
1103 1223 1222 1252 quociens

158 1258 282 1279 cessatum
294 1256 371 1279 fuerit
382 1255 407 1278 in
420 1255 503 1285 aliquo
517 1255 701 1285 premissarum,
715 1263 758 1285 pro
777 1257 861 1277 nostro
880 1255 1105 1277 convertendarum
1117 1254 1220 1277 arbitrio

62 1288 183 1322 adpup-in
201 1296 260 1312 usus
279 1288 386 1311 Eeclesie
403 1288 629 1318 supradicte—Et,
641 1295 671 1310 ne
688 1288 744 1317 quis
759 1294 834 1317 super
851 1287 897 1310 hiis
914 1295 962 1317 que
980 1287 1032 1317 jam
1050 1287 1220 1310 ordinavimus

62 1323 127 1342 lican-
160 1321 191 1344 ad
207 1321 415 1344 restauracionem
435 1321 501 1343 dicte
520 1320 627 1343 Ecclesie
645 1328 670 1343 se
687 1320 765 1350 possit
783 1320 939 1350 inposterum
958 1327 1081 1349 excusare,
1101 1319 1156 1348 tibi,
1178 1319 1220 1348 fili,

63 1349 123 1368 dum.
159 1353 266 1377 Sacrista
278 1353 395 1384 predicte,
408 1353 590 1376 committimus
603 1355 628 1375 ct
641 1353 789 1375 mandamus
802 1353 922 1382 quatinus
934 1352 979 1375 hec
991 1352 1074 1375 omnia
1086 1354 1112 1375 et
1124 1352 1222 1382 singula

159 1394 208 1416 que
220 1386 378 1416 premisimus
390 1388 416 1409 et
428 1386 588 1408 Presentibus
605 1385 694 1408 Literis
712 1385 887 1415 amplectimur
903 1385 930 1408 in
948 1385 1013 1408 dicta
1027 1385 1136 1408 Ecclesia
1147 1385 1222 1408 facias

159 1419 329 1449 sollempniter
346 1418 473 1449 publicari,
495 1420 521 1441 et
543 1418 574 1441 ad
592 1418 709 1440 noticiam
727 1418 840 1440 omnium
864 1425 971 1448 quorum
994 1418 1100 1440 interest
1122 1417 1218 1441 deduci.

160 1452 194 1474 Et
214 1451 276 1482 quid
295 1459 370 1481 super
388 1451 436 1474 hiis
456 1450 542 1473 feceris
565 1450 643 1479 nobis,
664 1450 726 1473 citra
750 1451 854 1473 Festum
878 1450 1024 1473 Nativitatis
1046 1450 1121 1473 Beate
1144 1450 1221 1473 Marie

159 1484 268 1514 Virginis
286 1484 311 1513 [8
330 1483 417 1514 Sept.],
434 1483 552 1506 rescribas
570 1491 612 1513 per
631 1483 725 1506 Literas
743 1485 799 1506 tuas
818 1483 936 1506 Patentes
952 1482 1043 1505 harum
1060 1483 1148 1505 seriem
1166 1490 1222 1505 con-

160 1516 407 1540 tinentes—Datum
419 1516 486 1546 apud
504 1515 678 1543 Chuddeham,
690 1515 716 1546 iij
736 1515 861 1538 Kalendas
876 1515 986 1545 Augusti
1001 1514 1043 1545 [30
1056 1515 1135 1546 JulyL
1149 1515 1222 1538 Anno

63 1552 100 1572 hic
108 1557 147 1576 per
160 1549 262 1572 Domini
278 1549 409 1572 Millesimo
428 1548 503 1571 CC1¹¹0
522 1548 680 1578 nonagesimo
703 1548 895 1578 quarto—Nos,
912 1548 1005 1578 itaque,
1019 1548 1099 1571 eidem
1115 1547 1223 1571 Domino

64 1578 260 1610 W³¹t¹³Y·Thome,
280 1581 415 1604 Exoniensi
434 1581 563 1611 Episcopo,
581 1581 742 1603 succedentes
762 1580 788 1603 in
805 1588 879 1603 onere
902 1583 928 1604 et
945 1581 1044 1608 honore,
1069 1583 1095 1603 et
1117 1580 1221 1603 eandem

64 1603 288 1652 gggpzlgkjapellam
306 1616 425 1642 nostram,
445 1613 588 1641 Canonicos,
609 1615 635 1636 et
652 1613 728 1636 eciam
747 1613 874 1636 Ministros
893 1613 1014 1643 ejusdem,
1033 1613 1221 1643 subsequenter,

162 1647 271 1669 secundo
294 1646 340 1669 Die
363 1646 476 1670 Juridico
499 1648 555 1676 post
578 1646 682 1668 Festum
707 1645 846 1676 Epiphanie
869 1645 979 1675 Domini,
1003 1646 1076 1668 Anno
1100 1645 1222 1675 Ejusdem

163 1679 294 1702 Millesimo
318 1679 415 1702 CCCmo
435 1686 507 1707 nono,
529 1686 559 1701 ex
583 1678 662 1702 Officii
683 1679 761 1701 nostri
776 1678 868 1707 debito,
885 1681 960 1708 prout
980 1678 1012 1701 ad
1029 1686 1074 1701 nos
1093 1677 1222 1708 pertinuit,

162 1712 293 1735 actualiter
305 1711 442 1739 visitantes,
459 1711 592 1734 nonnullos
608 1711 701 1733 ibidem
720 1711 861 1734 invenimus
877 1711 989 1734 defectus
1007 1710 1116 1734 notorios
1129 1718 1134 1739 ;
1156 1710 1223 1733 vide-

161 1744 226 1773 licet,
246 1744 393 1768 Candelabri
413 1744 545 1772 Paschalis,
566 1743 621 1766 Veli
645 1743 876 1774 Quadragesimalis,
895 1743 1037 1774 Epistolarii
1058 1751 1115 1766 cum
1133 1743 1222 1766 Ewan-

161 1776 238 1807 genis,
257 1779 283 1800 et
300 1776 423 1800 Frontalis
441 1776 591 1806 sollempnis,
612 1783 639 1799 ac
657 1776 733 1798 eciam
754 1776 916 1806 reparacionis
940 1775 1098 1806 quorundam
1116 1775 1221 1798 aliorum

163 1810 391 1837 Ornamentorum;
415 1809 466 1839 qui,
492 1809 601 1838 quidem,
625 1808 738 1831 defectus
761 1811 787 1831 et
804 1809 926 1839 reparacio
950 1809 975 1831 in
998 1808 1101 1838 prefatis
1125 1807 1222 1837 Literis,

162 1842 270 1872 quadam
293 1844 359 1865 certa
382 1849 445 1871 pena.
467 1841 564 1871 adjecta
588 1841 608 1864 si
631 1841 796 1871 adimpletum
819 1849 869 1864 non
892 1841 970 1864 fuerit
986 1841 1054 1871 quod
1077 1848 1152 1871 super
1174 1840 1220 1863 hoc

162 1874 298 1904 precipitur
315 1874 341 1897 in
364 1874 464 1902 eisdem,
483 1873 597 1903 superius
620 1876 680 1896 eunt
703 1873 817 1903 expressi.
864 1874 945 1902 Unde,
963 1881 1021 1896 cum
1038 1873 1163 1896 dictorum
1181 1873 1222 1896 de-

161 1907 275 1930 fectuum
295 1907 377 1930 adhuc
394 1906 492 1929 nullum
512 1907 607 1929 factum
625 1906 658 1929 sit
676 1906 776 1936 penitus
796 1906 1008 1936 supplementum,
1027 1905 1065 1928 vel
1083 1905 1143 1928 alias
1163 1905 1220 1928 sub-

162 1942 246 1962 secuta
258 1947 365 1969 congrua
377 1938 499 1969 reparacio
512 1939 654 1966 eorundem,
669 1938 838 1961 Commissarii
853 1939 939 1966 nostri,
953 1939 1044 1969 quibus
1056 1938 1082 1961 in
1095 1938 1140 1961 hac
1152 1939 1222 1968 parte

163 1972 332 1995 commisimus
344 1972 408 1994 vices
421 1974 525 1999 nostras,
538 1971 664 2001 premissis
680 1971 796 1994 omnibus
811 1974 836 1994 et
853 1971 957 2001 singulis
969 1979 1018 2001 que
1031 1970 1223 2000 requirebantur

163 2004 194 2027 de
214 2003 278 2034 jure,
303 2004 450 2034 hujusmodi
468 2011 564 2034 penam,
589 2003 709 2026 suadente
727 2004 839 2031 Justioia,
859 2003 1057 2034 pronunciarunt
1081 2011 1132 2026 esse
1156 2010 1220 2025 com-

163 2036 272 2065 missam,
289 2036 315 2059 in
335 2037 412 2067 ipsius
434 2036 532 2066 Capelle
550 2036 693 2064 utilitatem,
713 2044 756 2066 pro
780 2039 865 2059 nostra
881 2036 1043 2066 disposicione
1066 2037 1093 2058 et
1112 2034 1221 2064 arbitrio,

163 2069 377 2098 convertendam;
402 2069 471 2092 vobis
494 2068 671 2092 nichilominus
694 2071 720 2091 et
742 2069 857 2091 omnibus
880 2071 991 2091 vestrum
1012 2067 1172 2098 injungentes
1192 2069 1223 2090 ut

163 2101 263 2125 eosdem
275 2102 387 2125 defectus
400 2109 485 2124 omnes
500 2103 526 2124 et
541 2101 658 2131 singulos,
673 2109 701 2124 ac
713 2101 789 2124 eciam
806 2109 886 2124 unum
904 2109 969 2123 asser
985 2101 1016 2123 ad
1032 2101 1127 2128 Pacem,
1141 2099 1223 2123 Stolas

164 2136 190 2158 et
206 2134 347 2165 Manipulos
362 2142 407 2165 pro
421 2134 519 2157 duobus
537 2134 638 2164 paribus
654 2133 875 2162 Vestimentorum,
889 2133 933 2164 qui
946 2141 1014 2157 nuuc
1030 2132 1096 2156 ultra
1110 2132 1223 2155 defectus
