1328 2295
87 158 158 194 128
275 170 353 195 THE
386 170 570 196 REGISTER
599 170 647 196 OF
672 171 815 196 BISHOP
841 170 1076 197 srAPELDON.

96 246 278 286 Cromhale,
304 248 430 280 Walter
457 248 506 285 de,
533 248 607 280 inst.
636 251 670 281 to
697 249 803 281 Black
831 249 1052 293 Torringt0n;
1088 250 1160 287 110,
1188 249 1261 286 115,

103 308 106 310 Α
184 293 278 323 120b:
302 292 329 323 L
347 292 433 330 209¹),
451 294 521 324 210.

94 343 205 383 Cruce,
223 344 334 387 Philip
351 345 398 383 de,
416 345 492 376 inst.
512 348 547 377 to
563 345 759 387 Barnstaple
775 346 813 377 V.
827 358 834 385 3
859 345 923 385 62¹³,
941 345 1050 387 (Oq-d.)
1069 345 1156 377 22812.

95 395 265 434 Crusades,
282 397 478 440 concerning
494 397 604 435 the,—

224 453 362 477 Oommissio
373 461 445 485 super
456 453 586 478 Len-acione
597 457 619 477 et
632 454 775 478 Colleccioue
787 454 883 479 Decime
894 454 1077 485 Sea-annalis,—

158 494 278 518 Directed
301 497 328 518 to
351 495 395 518 the
416 495 486 518 Dean
509 499 559 519 and
584 495 694 526 Chapter
716 496 743 519 of
772 496 872 526 Exeter,
897 497 927 520 12
951 497 1027 527 Sept„
1053 495 1260 526 1313‚-—“super

191 528 336 551 colleccione
354 528 456 551 Decime
474 528 626 558 Sexennalis,
653 536 697 559 per
715 529 853 552 Dominum
871 530 966 560 Papam
982 529 1009 552 in
1027 529 1168 552 subsidium
1184 528 1260 551 Terre

192 560 283 584 Sancte
303 561 494 591 imposite.‘⁷—“
504 562 537 584 Et
565 562 757 585 memorandum
777 562 845 591 quod
868 562 1019 585 mittebatur
1041 562 1089 585 ista
1110 561 1259 585 Commissio

191 593 310 623 predictis
322 594 422 617 Decano
435 596 460 617 et
471 594 587 625 Capitulo
599 602 643 625 per
656 595 794 618 Dominum
807 595 951 625 Ricardum,
962 595 1094 619 Rectorem
1107 594 1216 618 Ecclesie
1228 594 1259 617 de

190 626 263 649 Were
275 625 392 657 [Giffard]
404 627 416 636 ''
430 635 436 656 ;
455 628 492 651 81.

223 671 307 695 Litora
319 680 390 703 supet*
402 672 560 696 Inhibucione
572 673 700 696 Armorum
708 681 746 696 :—

157 713 349 737 Venerabilibus
372 714 497 744 Patribus,
522 714 636 737 Dominis
657 714 704 737 Dei
724 714 804 744 ,gr-mia
825 714 1017 752 Archiepiscopo
1038 713 1213 739 Cantuariensi
1233 715 1259 737 et

192 746 321 777 Episcopis
343 747 398 777 ejus
418 747 592 777 Suffraganeis,
615 747 702 770 Frate}
723 747 866 776 Nicholaus,
890 748 1050 771 miseracione
1071 747 1163 771 Divina
1180 746 1257 770 titulo

192 779 279 802 Sancti
296 780 399 803 Eusebii
411 780 537 803 Presbiter
551 766 695 809 Caidinalis,
715 781 733 803 A
739 780 857 810 postolice
870 781 940 804 Sedis
953 781 1067 804 Nuncius
1085 788 1129 811 pro
1150 779 1257 816 negociis

191 812 266 835 Terre
285 813 382 842 Sancte,
404 813 513 836 salutem
533 813 559 836 111
578 813 686 836 Domino
707 813 892 843 sempiternam.
896 813 1056 837 —Noveritis
1073 821 1119 836 nos
1135 812 1257 843 recepisse

189 844 340 869 Mandatum
363 846 536 876 Apostolicum
556 845 582 868 in
605 846 650 869 hec
675 846 751 869 verb-1
757 846 912 870 z—Clemens
938 845 981 877 [V]
1008 846 1153 877 Episcopus,
1172 853 1258 869 servus

190 885 318 901 servorum
336 879 391 908 Dei,
410 879 501 902 dilecto
518 878 576 908 filio,
595 878 722 907 Nicholao,
741 879 817 902 titulo
838 881 892 908 ete,
916 880 1024 902 salutem
1044 882 1070 902 et
1088 878 1258 909 Apostolicam

190 911 505 935 Benediccionem.—Cum
523 919 610 941 nuper,
626 911 699 934 certis
717 919 747 934 ex
765 912 853 940 causis,
872 920 921 942 que
934 920 978 935 nos
991 913 1022 935 ad
1034 912 1061 935 id
1073 911 1256 935 racionabiliter

189 943 353 973 induxerunt,
373 944 399 967 in
421 944 530 973 Francis,
552 944 649 974 Anglie,
671 947 697 967 et
714 944 861 968 Alemannie
880 945 979 974 Regnis,
998 947 1023 968 et
1040 953 1091 968 non
1108 944 1185 968 nullis
1202 944 1257 967 aliis

189 976 315 1006 Partibus,
332 977 358 1000 in
375 977 468 1007 quibus
486 977 727 1000 Torueamentorum
745 980 771 1000 et
788 978 804 1001 J
807 980 921 1001 usmrurn
939 978 1068 1001 cousuevit
1085 985 1146 1001 usus
1163 976 1256 1006 haberi,

190 1009 290 1033 illorum
309 1010 447 1039 excercicia,
458 1010 609 1039 quibusdam
628 1010 698 1040 penis
716 1010 742 1033 in
760 1011 967 1034 contrafacientes
984 1010 1095 1041 adjectis,
1109 1010 1256 1033 duxerimus

189 1041 333 1072 inhibenda,
351 1045 426 1074 prout
444 1043 470 1066 in
482 1043 574 1066 nostris
592 1043 651 1066 inde
669 1043 788 1066 confectis
801 1044 1032 1073 Literis—quarum
1044 1046 1164 1072 tenorem,
1183 1045 1214 1066 ut
1225 1042 1257 1065 de

187 1074 237 1099 illis
254 1076 379 1099 certitudo
400 1076 495 1106 plenior
518 1076 647 1104 habeatur,
673 1076 833 1099 Presentibus
851 1076 927 1099 inseri
943 1075 1180 1107 fecimus—plenius
1198 1083 1256 1098 con-

190 1108 304 1138 tinem-3
322 1109 446 1137 volumus,
472 1111 497 1131 et
517 1108 667 1131 Discrecioni
685 1111 730 1132 tue
754 1117 798 1139 per
817 1109 961 1139 Apostolica
981 1109 1079 1140 Scripta
1099 1109 1256 1138 mandamus,

191 1142 312 1171 quatinus
325 1142 517 1165 Inhibucionem
535 1141 690 1171 hujusmodi,
710 1142 752 1164 ubi
765 1144 791 1165 et
803 1142 903 1172 quando
916 1142 1032 1172 expedire
1044 1142 1143 1172 videris,
1157 1141 1217 1165 satis
1229 1148 1258 1164 ac

189 1174 362 1205 sollempniter
374 1175 520 1205 puplicares.
556 1174 644 1203 Tener,
657 1177 750 1204 autem,
764 1175 890 1205 predictus
902 1175 959 1198 talis
972 1178 1010 1198 est
1016 1183 1053 1199 :—

91 1208 309 1232 BULLAClemens
333 1208 478 1238 Episcopus,
504 1215 590 1230 servus
617 1215 745 1230 servorum
771 1208 825 1236 Dei,
846 1208 877 1231 ad
901 1208 1015 1231 futuram
1040 1207 1076 1231 rei
1101 1207 1254 1231 memoriam.

192 1241 321 1264 Passiones
341 1240 494 1263 miserabiles
515 1240 589 1263 Terre
610 1240 708 1269 Sancte,
730 1240 755 1263 in
776 1241 868 1270 quibus
888 1241 980 1264 viscera
1000 1243 1092 1269 nostra,
1112 1248 1156 1271 per
1172 1240 1256 1263 debite

191 1273 367 1304 compassionis
385 1273 511 1301 affectum,
531 1273 605 1295 multi
618 1273 709 1296 doloris
722 1273 857 1296 acerbitate
875 1275 1028 1303 torquentur
1039 1274 1139 1302 abolim,
1157 1273 1256 1296 interne

189 1307 290 1338 pietatis
308 1306 385 1329 oculis
402 1306 531 1329 intuentes
543 1305 699 1336 ApostoliciS,
718 1306 824 1336 pectoris
842 1306 926 1329 studia
943 1306 1066 1330 indefesse
1078 1306 1254 1334 convertimus,

190 1348 218 1363 ac
234 1339 286 1363 vias
305 1341 331 1362 et
347 1339 435 1362 modos
459 1338 640 1367 exquisivimus
659 1338 792 1368 diligenter
815 1339 907 1369 quibus
931 1339 953 1362 ei
976 1341 1060 1369 posset
1083 1339 1114 1362 de
1137 1338 1256 1369 oportuni

190 1380 323 1396 succursus
335 1372 427 1395 auxilio
444 1371 574 1402 provideri.
611 1371 644 1394 Et
657 1372 768 1400 tandem,
782 1371 853 1395 Illius
872 1372 922 1400 Qui
938 1372 1041 1395 Terram
1053 1372 1133 1402 ipsam
1151 1371 1255 1402 Proprio

189 1404 422 1436 S·1nguine,Precio
434 1404 529 1428 Salutis
541 1406 632 1433 nostre,
645 1404 765 1434 perfudit,
783 1405 936 1435 propiciante
948 1405 1088 1434 clemencia,
1106 1405 1132 1428 in
1145 1404 1256 1428 Concilio

189 1438 332 1466 Viennensi,
357 1438 444 1460 eodem
473 1437 572 1467 appmb
569 1439 626 1459 inte
652 1437 768 1461 Concilio
792 1437 818 1460 in
847 1437 925 1468 ipsius
948 1438 1023 1460 Tene
1046 1445 1095 1468 que
1123 1437 1254 1468 peculiaris

186 1471 291 1503 preclari
308 1470 387 1493 nostri
405 1469 539 1493 Salvatoris
557 1469 682 1492 hereditas
700 1472 744 1498 est,
765 1470 791 1492 in
810 1478 860 1500 qua
872 1470 925 1494 Celi
937 1470 1030 1500 Regem
1045 1470 1118 1501 Virgo
1131 1470 1257 1500 Puerpera

187 1504 283 1535 genuit,
301 1511 334 1533 qu
338 1511 377 1526 im
396 1503 472 1526 eciam
485 1502 646 1533 Redemptor
640 1510 660 1525 is
678 1503 758 1525 nostri
771 1503 982 1526 Preciosisssimus
995 1503 1075 1527 Cruor
1092 1511 1137 1534 pro
1149 1502 1255 1526 humani

187 1537 284 1568 generis
308 1536 492 1566 Redempcione
522 1535 642 1565 perfudit.
667 1535 692 1558 in
717 1543 766 1565 quz
789 1536 849 1566 poni
877 1536 971 1559 meruit
994 1536 1107 1566 Sepulcri
1129 1535 1255 1559 Dominici

186 1570 391 1597 fundamentum,
410 1571 435 1591 et
452 1576 528 1598 quam
547 1575 677 1598 lesurgens
691 1568 807 1591 Christus
824 1576 838 1591 a
849 1569 956 1592 mortuis
968 1569 1166 1592 Resurreccionis
1177 1568 1256 1599 gloria

187 1602 361 1633 multipliciter
368 1601 511 1630 illustravit,
522 1608 667 1624 succursum
676 1601 789 1631 generale
797 1601 942 1632 Passagium
950 1602 1070 1625 duximus
1078 1601 1253 1625 ordinandum.

187 1636 228 1659 Ad
240 1635 316 1665 quod,
335 1642 393 1658 eum
405 1634 504 1663 nostris,
523 1636 642 1664 operante
655 1633 701 1656 Illo
715 1634 795 1664 Cujus
807 1634 938 1664 negocium
951 1634 1077 1665 agebatur,
1097 1634 1146 1663 Qui
1157 1634 1254 1657 animos

186 1669 284 1699 Regum
302 1670 327 1691 et
340 1667 486 1697 Principum
504 1669 581 1697 prout
598 1668 624 1689 et
641 1667 742 1696 quando
759 1667 816 1690 vult
828 1667 975 1690 Devocionis
992 1667 1049 1697 igne
1066 1667 1203 1696 succendit,
1220 1667 1251 1690 ad

186 1701 325 1725 salubrium
362 1700 525 1723 excercicium
562 1699 691 1722 accionum
728 1699 917 1723 karissimorum
952 1700 979 1723 in
1009 1700 1109 1723 Christo
1143 1699 1253 1723 filiorum

186 1736 339 1762 nostrorum,
352 1733 461 1763 Philippi
474 1733 635 1761 Francorum,
652 1732 770 1755 Edwardi
782 1732 929 1763 Anglorum,
943 1735 969 1756 et
979 1732 1100 1756 Ludoviei
1112 1732 1251 1762 Slavarum,

183 1768 281 1797 Regum
299 1765 445 1793 illustrium,
466 1768 492 1788 et
509 1765 570 1788 dicti
588 1764 665 1795 Regis
678 1765 830 1788 Francorum
848 1765 953 1788 aliorum
969 1764 1077 1788 filiorum
1094 1767 1120 1788 et
1136 1765 1253 1795 fratrum,

186 1799 393 1823 concurrentibus
406 1798 471 1821 votis
489 1800 514 1821 et
526 1797 624 1826 animis,
641 1797 689 1827 ipsi
702 1800 727 1820 et
739 1798 900 1828 quamplures
918 1798 966 1826 alii,
985 1798 1075 1825 Duces,
1095 1798 1213 1828 Comites,
1226 1800 1253 1821 et

184 1833 301 1859 Barones,
315 1831 410 1855 nobiles
423 1833 448 1854 et
460 1833 583 1861 potentes,
597 1830 628 1853 ad
641 1830 802 1853 vindicandas
814 1831 894 1854 nostri
906 1831 1081 1861 Redemptoris
1093 1831 1205 1861 injurias,
1218 1831 1251 1854 ad

185 1865 340 1889 liberandam
363 1864 465 1887 Terram
494 1863 613 1886 Sanctam
642 1863 673 1885 de
704 1863 877 1893 Agarenorum
905 1863 1029 1893 manibus,
1058 1871 1114 1894 que,
1143 1863 1251 1894 peccatis

185 1897 350 1928 exigentibus,
370 1904 438 1920 nunc
455 1896 592 1919 eorundem
609 1895 713 1926 pollutis
731 1896 836 1926 pedibus
854 1896 1032 1925 conculcatur;
1048 1904 1144 1919 necnon
1162 1898 1188 1919 et
1205 1904 1250 1927 pro

184 1938 287 1954 suorum
300 1929 409 1953 remedio
421 1931 587 1959 peccatorum,
601 1936 626 1951 se
639 1928 789 1952 transituros
801 1929 827 1952 in
840 1929 906 1952 dicte
915 1929 990 1952 Terre
998 1929 1089 1952 Sancte
1101 1929 1249 1959 subsidium,

184 1964 210 1987 in
234 1963 321 1986 eodem
346 1962 468 1992 rassagio,
486 1969 530 1991 per
553 1964 642 1984 votum
666 1963 794 1991 assumpte
819 1961 913 1991 Crucis,
937 1961 1076 1992 specialiter
1099 1962 1248 1992 obligarunt.

184 1996 236 2025 Set,
248 1995 325 2026 proch
337 1995 414 2023 dolor,
433 1996 550 2017 versutus
562 1994 641 2017 hostis
653 1993 757 2016 humani
768 1994 872 2024 generis,
891 2002 990 2017 eversor
1000 1994 1125 2017 bonorum
1137 2002 1249 2025 operum,

184 2033 210 2052 et
226 2028 329 2052 callidus
346 2029 492 2058 procurator
509 2027 641 2053 malorum
660 2026 754 2056 quique
771 2027 926 2050 ardenciores
943 2027 969 2050 in
982 2027 1029 2050 Dei
1043 2027 1145 2050 servicio
1157 2029 1183 2050 et
1195 2027 1249 2050 Deo

183 2061 355 2085 familiariores
378 2060 485 2083 latenter
513 2059 592 2090 magis
614 2059 772 2089 impungnat,
801 2059 869 2082 mille
898 2059 992 2082 habens
1021 2060 1107 2083 modos
1135 2060 1248 2089 nocendi,

182 2094 342 2125 quomndam
362 2092 592 2122 Crucisignatorum
615 2094 641 2115 et
661 2091 773 2121 aliorum,
798 2092 841 2122 qui
864 2092 896 2115 ad
918 2093 1104 2123 ploculandum
1127 2092 1248 2122 homines,

183 2134 258 2155 arma,
282 2133 409 2156 expensas,
433 2127 459 2148 et
478 2133 563 2155 equos,
598 2132 641 2155 pro
673 2124 740 2148 dieto
764 2125 879 2155 Passagio
902 2125 1023 2154 faciendo,
1052 2125 1172 2148 debeient
1195 2133 1247 2148 esse

181 2145 280 2184 solliciti
299 2161 325 2184 et
338 2158 438 2188 intenti,
459 2157 555 2181 animos
574 2157 606 2181 ad
626 2158 812 2189 procurandum
824 2157 985 2188 contrarium,
1003 2158 1051 2182 sub
1066 2158 1176 2190 quadam
1191 2165 1246 2191 pro-
