1328 2295
42 146 89 183 86
231 160 309 186 THE
335 161 518 187 REGISTER
544 161 592 187 OF
618 160 760 187 BISHOP
787 160 1025 187 STAPELDON.

42 234 270 278 Bridgewater
286 237 532 281 [Brugewaters
549 239 622 271 cmcl
638 239 908 281 Bruggewalteri,
925 238 1027 279 MS.];
1052 235 1208 279 Hospita]

128 280 175 366 {J}
178 281 359 368 -ssigwigbn
357 283 539 357 1;4{’a,tt⁴ons
556 282 591 314 of
614 283 845 322 Davidstowe,
868 282 928 316 70:
952 282 987 314 of
1014 280 1205 322 Lanteglos-

42 375 171 418 Brigge,
183 377 330 409 William
346 380 425 416 atte,
441 389 489 409 sae
505 380 574 410 atte
591 378 713 420 Brigge
726 391 732 417 ;
759 380 829 410 155.

44 427 227 467 Britannia,
239 429 329 461 John
346 429 406 467 de,1
423 440 470 461 see
487 430 627 467 Pollard,
641 430 784 462 William
799 442 806 469 3
830 429 880 463 79.

45 480 205 512 Brixham
222 481 315 522 [also,
331 482 476 520 Brixam,
493 482 630 523 MS]—

111 532 151 557 Sir
168 533 284 558 Winiam.
299 534 329 558 V.
349 534 456 564 of,—Fr.
475 535 592 564 Joceline,
605 535 676 558 Prior
694 535 720 558 of
737 535 838 564 Totues,
857 534 993 565 appointed
1010 533 1049 557 his
1070 533 1208 564 coadjutor,

146 565 159 590 7
172 566 238 597 May,
255 567 410 591 lma—The
423 568 530 598 Rectory
543 576 592 591 was
604 568 779 598 appropriated
792 570 818 591 to
829 568 873 591 the
884 567 971 598 Priory
984 575 989 596 3
1009 566 1076 590 1260.

111 598 278 623 —Ordinctcio
298 599 362 623 inter
380 600 491 624 Priorem
508 604 528 624 ec
548 600 695 624 conventum
717 600 824 624 Tononie
840 603 860 624 eh
877 600 1004 629 Simonem,
1032 599 1157 623 Vicarium
1177 597 1207 621 cle

145 631 274 662 Brixlzam,
287 640 360 663 super
371 633 528 657 alm-cacione
539 633 688 657 decimarum
701 633 807 663 ejusdem
820 633 960 662 Ecdeme,—

111 663 248 694 Universis,
272 667 327 695 etc.,
351 666 483 695 Walterus,
507 666 641 689 etc—Ad
671 666 848 690 Universilatis
874 668 957 689 vestre
974 665 1091 688 noticiam
1117 663 1209 687 deduci

143 697 261 721 volumus
275 706 319 728 per
337 699 467 722 Presentes
485 699 560 729 quod,
571 707 628 722 cum
641 699 707 722 inter
722 699 865 729 Religiosios
881 699 960 728 Viros,
973 698 1085 721 Priorem
1101 699 1127 720 et
1142 696 1206 720 Con-

144 732 250 754 ventum
273 731 417 754 Monasterii
440 732 617 760 Tottoniensis,
642 732 777 754 Ecclesiam
801 731 970 754 Parochialem
993 733 1019 754 et
1041 732 1154 753 curatam
1177 729 1208 752 de

145 763 272 793 Brixham,
293 766 378 787 nostre
397 764 513 793 Diocesis,
532 765 557 787 in
579 772 639 787 usus
660 764 771 795 proprios
791 764 942 795 optinentes,
962 772 992 787 ex
1013 766 1082 793 parte
1103 770 1160 791 una,
1182 764 1208 785 et

145 795 284 819 Dominum
308 797 436 820 Simonem
460 797 542 826 Stiria,
566 797 740 827 presbiterum,
765 798 919 827 Perpetuum
942 796 1070 819 Viearium
1093 795 1208 826 ejusdem

144 828 260 859 Ecclesie,
282 837 312 852 ex
330 830 415 859 altera,
432 838 507 860 super
526 830 640 860 porcione
659 830 736 860 ipsius
752 830 844 853 Vicarii
861 829 1015 860 aliquatinus
1034 830 1103 851 mota
1118 827 1209 851 fuisset

144 861 249 885 materia
269 862 414 892 questionis,
444 863 547 885 demum
574 863 691 885 Partibus
718 863 811 885 eisdem
832 870 914 885 eoram
932 862 1011 890 nobis,
1032 861 1106 884 certis
1124 860 1165 883 die
1184 862 1210 882 et

143 893 203 923 loco,
216 894 293 918 libere
311 895 462 924 constitutis,
476 897 502 918 et
520 903 633 925 expresse
652 895 875 923 consencientibus,
891 895 949 918 hinc
965 902 991 918 et
1008 894 1074 923 inde,
1091 893 1160 924 quod
1175 892 1207 915 ad

143 927 282 950 taxandum
295 935 337 950 seu
355 928 522 951 ordinandum
535 928 657 951 Vicariam
676 929 787 956 eandem,
807 928 832 951 in
846 928 938 958 quibus
953 927 1069 950 videlicet
1086 925 1206 957 porcioni-

143 959 191 982 bus
203 960 337 983 consistere
349 960 439 983 debeat
451 961 606 991 temporibus
625 961 755 987 secuturis,
769 961 900 984 actualiter
912 960 1044 991 procedere
1056 966 1208 987 curaremus,

143 1000 228 1020 —nOS‚
243 1000 287 1023 pro
299 993 364 1016 bono
377 993 442 1024 pacis
455 996 481 1016 et
496 993 654 1016 certitudinis
675 994 741 1016 inter
756 994 842 1016 Partes
854 993 961 1022 easdem,
975 992 1033 1023 quia
1045 992 1107 1015 dum
1122 998 1208 1022 pacem

141 1024 208 1048 iuter
225 1025 339 1049 subditos
357 1028 454 1049 nostros
467 1026 631 1056 recoligimus,
642 1029 727 1049 nostre
743 1026 900 1056 cogitacionis
916 1026 1006 1049 intima
1024 1025 1103 1055 magis
1115 1024 1205 1047 consis-

140 1059 193 1081 tere
205 1060 326 1088 poterunt
337 1059 363 1081 in
375 1058 468 1089 quiete,
479 1059 626 1089 hujusmodi
639 1059 769 1085 Vieariam,
781 1059 811 1082 de
824 1059 934 1086 ipsarum
947 1058 1062 1082 Parcium
1075 1057 1206 1080 voluntate

141 1091 255 1114 unanimi
271 1094 297 1114 et
312 1099 427 1122 expresso
445 1099 574 1121 consensu,
587 1092 719 1115 subductis
737 1095 763 1115 et
780 1092 900 1115 revocatis
918 1091 1120 1122 quibuscumque
1133 1089 1206 1113 Ordi-

140 1123 286 1147 nacionibus
306 1132 350 1147 seu
369 1124 551 1147 Taxacionibus
570 1133 644 1155 super
663 1125 730 1148 (licta
749 1124 845 1147 Vicaria
864 1132 878 1147 a
894 1124 1095 1154 quibuscumque
1114 1122 1206 1146 nostris

140 1156 359 1180 Predecessoribus
375 1157 496 1180 hactenus
513 1157 618 1180 forsitan
635 1157 708 1180 factis
726 1160 751 1180 et
767 1157 866 1186 habitis,
880 1165 949 1187 quas,
968 1156 1052 1183 eciam,
1073 1163 1159 1179 omnes
1180 1157 1206 1178 et

140 1188 249 1220 singulas
262 1192 348 1213 tenore
364 1190 523 1213 Presencium
539 1190 703 1213 subducimus
722 1192 747 1213 et
762 1198 913 1220 revocamus,
934 1189 1111 1220 premissisque
1123 1188 1204 1211 omni-

139 1221 187 1245 bus
199 1224 225 1245 et
236 1222 341 1252 singulis
353 1230 403 1252 que
415 1223 440 1245 in
453 1223 499 1246 hac
518 1225 587 1253 parte
599 1223 764 1253 requiruntur
780 1223 811 1246 de
828 1223 891 1253 jure,
905 1222 1014 1252 pensatis
1027 1221 1205 1244 nichilominus

139 1254 217 1284 ipsius
234 1255 338 1278 Ecclesie
351 1255 382 1278 de
395 1255 514 1278 Brixham
528 1255 698 1284 facultatibus,
713 1256 786 1278 modo
799 1264 848 1286 quo
863 1255 1026 1284 subsequitur
1039 1254 1203 1277 ordinandam

140 1287 260 1310 duximus
272 1290 317 1311 aut
329 1288 466 1311 taxandam
481 1296 485 1316 ;
504 1288 627 1316 videlicet,
641 1288 707 1317 quod
721 1288 833 1318 prefatus
846 1288 970 1311 Dominus
983 1287 1077 1316 Simon,
1090 1286 1203 1309 Vicarius

139 1322 202 1343 —ut
214 1320 449 1351 premittitur—qui
465 1329 531 1344 nunc
546 1323 591 1349 est,
604 1324 630 1344 et
647 1321 686 1344 sui
704 1329 855 1344 successores
869 1320 960 1344 Vicarii
972 1320 1016 1349 qui
1032 1328 1075 1350 pro
1092 1321 1204 1348 'tempore

140 1355 215 1375 erunt
231 1353 332 1381 ibidem,
345 1353 455 1376 habeant
475 1356 501 1376 et
519 1353 662 1384 percipiant,
680 1354 781 1377 nomine
799 1353 895 1376 Vicarie
911 1353 996 1383 ipsius
1011 1359 1128 1375 mansum
1146 1359 1204 1374 cnm

138 1385 242 1415 gardino
268 1386 335 1415 quod
361 1386 413 1416 jam
439 1386 565 1409 inhabitat
590 1386 673 1409 dictus
700 1386 793 1415 Simon,
820 1389 956 1415 totumque
979 1385 1119 1415 altilagium
1137 1384 1204 1407 dicte

139 1418 248 1441 Ecclesie
260 1419 291 1441 de
304 1418 431 1447 Brixliam,
445 1422 471 1442 et
484 1419 641 1449 Capellaruni
654 1419 774 1449 ejusdem,
789 1422 892 1449 excepta
903 1418 1038 1441 medietate
1051 1417 1204 1441 deeimarum

138 1450 190 1473 feni
209 1451 289 1474 tocius
308 1451 433 1481 Parochie,
455 1454 481 1474 et
505 1452 706 1475 molendinorum
725 1452 838 1474 omnium
856 1454 882 1474 et
904 1451 1061 1481 singulorum
1084 1450 1206 1473 hactenus

138 1483 342 1512 constitutorum,
355 1486 381 1507 ct
390 1484 632 1513 constituendorum,
649 1485 733 1513 eci-<imy
747 1485 772 1507 in
783 1487 911 1515 posterum
926 1484 951 1507 in
967 1484 1053 1507 eadem
1066 1482 1185 1506 Parochia
1198 1490 1204 1511 ;

138 1523 215 1545 quam
234 1516 336 1546 quidem
355 1517 516 1540 medietatem
540 1517 694 1540 decimarum
714 1517 765 1540 feni
788 1519 815 1540 et
837 1517 1038 1540 molendinorum
1061 1515 1206 1539 memoratis

140 1549 220 1572 Priori
243 1552 268 1572 et
292 1550 433 1573 Conventui
457 1550 574 1573 volumus
597 1558 730 1573 remanere.
768 1550 891 1579 Habeant,
911 1549 996 1578 eciam,
1017 1551 1043 1572 et
1066 1547 1205 1579 percipiant

140 1581 216 1605 iidem
237 1582 361 1606 Dominus
382 1582 468 1606 Simon
489 1585 515 1605 et
530 1583 569 1605 sui
590 1590 741 1606 successores
760 1583 857 1612 Vicarii,
875 1585 905 1605 ut
920 1581 1085 1613 premittitur,
1103 1580 1205 1604 nomine

140 1614 236 1638 Vicarie
255 1615 373 1646 predicte,
395 1618 476 1638 totam
497 1615 618 1638 decimam
638 1616 799 1646 gardinorum
821 1618 846 1638 et
865 1617 978 1638 ortorum
1001 1622 1068 1637 nunc
1087 1614 1113 1637 in
1137 1613 1204 1636 dicta

141 1647 260 1670 Parochia
268 1650 478 1677 constructorum,
489 1650 514 1671 et
523 1648 685 1678 gardinm-um
694 1648 810 1671 similiter
819 1650 845 1671 et
852 1650 965 1671 ortorum
977 1646 1203 1670 construendorum

141 1679 167 1702 in
177 1682 314 1710 posterum,
326 1680 404 1704 eciam
413 1681 443 1704 de
452 1683 518 1704 terra
527 1689 594 1704 nunc
604 1681 696 1709 arabili,
710 1681 735 1703 in
747 1680 864 1704 Parochia
877 1680 1017 1709 antedicta;
1030 1680 1099 1712 dum,
1110 1681 1203 1708 tamen,

142 1712 290 1743 hujusmodi
308 1713 405 1744 gardini
424 1715 450 1736 et
470 1713 518 1736 orti
539 1713 643 1736 forsitan
662 1713 824 1736 construendi
842 1721 858 1736 x
876 1713 1010 1744 perticatas
1027 1714 1093 1735 terre
1110 1712 1136 1735 in
1153 1719 1205 1734 uno

143 1745 196 1768 Ioco
214 1753 264 1769 non
282 1746 410 1769 excedant.
446 1746 487 1775 Et,
506 1746 526 1769 si
544 1746 629 1769 decem
647 1746 780 1776 perticatas
798 1748 872 1773 terre,
891 1748 922 1769 ut
938 1745 1102 1776 premittitur,
1121 1751 1204 1767 exces-

143 1778 222 1801 serint
244 1779 270 1802 in
291 1779 343 1802 loco
365 1787 422 1808 unc,
442 1781 497 1801 tota
516 1781 578 1802 tunc
598 1779 693 1802 decima
713 1779 848 1802 eorundem
864 1778 1026 1809 gardinorum
1046 1780 1072 1801 et
1091 1779 1205 1800 ortorum

142 1811 227 1834 taliter
243 1811 309 1834 forte
333 1811 557 1835 construendorum
576 1819 626 1834 non
645 1812 677 1834 ad
694 1811 830 1840 Vicarium,
850 1813 889 1834 set
908 1811 940 1834 ad
959 1811 1070 1834 Priorem
1091 1811 1118 1833 et
1138 1809 1204 1833 Con—

141 1846 198 1866 veni
204 1852 247 1867 um
259 1844 385 1874 pertineat
396 1844 541 1867 antedictos.
578 1844 612 1872 Si,
625 1852 690 1872 vero,
704 1845 734 1867 de
746 1843 856 1874 gardinis
872 1846 898 1867 et
911 1843 973 1867 ortis
989 1843 1042 1874 jam
1054 1842 1205 1866 constructis

142 1878 168 1899 et
180 1876 346 1900 existentibus
358 1877 384 1899 in
397 1877 464 1900 dicta
475 1876 593 1899 Parochia
605 1876 700 1906 aliquid
713 1877 779 1900 ultra
792 1877 877 1900 decem
890 1876 1024 1907 perticatas
1036 1878 1102 1899 terre
1114 1875 1140 1898 in
1154 1882 1204 1898 uno

141 1908 193 1932 loco
205 1910 237 1932 ad
250 1911 342 1932 terram
355 1909 473 1932 arabilem
484 1909 510 1932 in
524 1912 652 1939 posterum
664 1909 798 1939 redigatur,
811 1911 866 1932 tota
882 1908 977 1932 decima
993 1911 1055 1932 tunc
1067 1908 1204 1931 eorundem

139 1941 301 1972 gardinorum
319 1944 345 1965 et
362 1944 482 1971 ortorum,
493 1950 543 1965 una
561 1949 618 1965 cum
637 1944 689 1965 tota
707 1942 803 1965 decima
819 1942 918 1972 gardini
934 1941 1039 1965 Manerii
1056 1940 1159 1964 Domini
1174 1940 1205 1963 de

42 2003 51 2019 ¹
70 2005 169 2034 “Johu‚
187 2013 201 2028 a
220 2013 333 2036 younger
344 2013 389 2028 son
401 2006 427 2028 of
444 2006 519 2034 John,
539 2005 597 2029 Earl
681 2006 739 2029 Earl
751 2006 777 2029 of
793 2006 942 2035 Richmond,
956 2006 985 2029 15
1005 2006 1067 2034 Oct„
1081 2006 1111 2028 34
1129 2004 1200 2028 Edw.

76 2038 102 2061 of
118 2038 258 2061 Richmoud
275 2039 325 2061 and
342 2038 415 2061 Duke
428 2039 454 2061 of
471 2038 596 2069 Brittany,
681 2039 698 2061 I.
709 2038 794 2067 (1306).
808 2047 813 2066 ;
831 2038 868 2062 ob.
881 2038 1066 2067 unmarried‚in
1075 2037 1201 2068 Brittany,

76 2071 226 2094 summoned
243 2073 268 2094 to
286 2070 599 2094 Parliameut—‘Johanni
683 2072 753 2099 1333,
769 2071 841 2094 when
857 2071 896 2094 his
914 2071 1023 2094 honours
1041 2070 1141 2094 became
1160 2077 1202 2093 ex-

76 2103 108 2127 de
121 2103 256 2132 Britannia,
269 2104 285 2127 J
289 2103 384 2132 uniori‚’
397 2104 427 2126 24
439 2103 496 2134 May
505 2103 555 2126 and
569 2105 598 2127 13
682 2103 771 2128 tinct.''
794 2103 910 2132 (Nicolas'
925 2104 1036 2128 Historic
1047 2102 1169 2133 Peeraqe).

78 2136 147 2167 July‚
173 2137 203 2161 33
227 2136 295 2161 Edw.
320 2136 339 2160 I.
362 2136 447 2166 (1305)
460 2143 466 2165 ;
484 2136 598 2160 declared
