1328 2295
209 148 287 174 THE
323 147 507 174 srA'rn‘rns
542 148 587 174 oF
623 147 847 174 STAPELDON
881 147 997 173 HALL.
1121 138 1191 172 305

128 225 245 247 secuturis
266 225 358 248 vicibus
375 232 418 255 per
435 225 529 247 eosdem
541 225 654 253 Scolares,
667 224 712 253 vel,
725 225 783 253 ipsis
800 231 847 247 non
864 223 1069 251 concordantibus
1082 229 1124 252 per
1144 223 1158 235 ³*

127 253 299 277 Cancellarium
311 255 408 283 Oxonie,
420 256 448 277 ut
458 261 531 283 supra
547 255 576 277 de
593 255 680 277 eisdem
692 254 827 277 Scolaribus
839 255 875 276 est
886 260 1031 282 expressum,
1044 253 1188 279 nominetur,

127 283 234 312 eligatur,
248 285 272 307 et
292 284 429 313 preficiatur
447 285 551 312 eisdem3
570 284 619 313 qui,
632 284 714 312 eciam,
728 284 752 306 in
768 284 877 313 quolibet
887 283 1005 310 Termino,
1018 283 1080 305 infra
1090 281 1192 315 sex—dies

128 314 183 341 post
189 314 344 336 cessacionem
356 314 534 342 Magistrorum‚
546 315 570 336 et
583 314 641 336 alios
653 320 693 335 sex
704 314 754 335 dies
766 315 904 335 consuetum
916 314 1011 341 tempus
1021 318 1193 340 resumpcioms

130 342 299 371 Magistrorum
325 345 380 372 post
402 342 500 366 Festum
529 343 610 365 Sancti
637 343 761 365 Michaelis
791 343 927 365 immediate
952 342 1085 371 sequentes,
1111 347 1191 374 coram

129 372 242 400 predictis
259 373 402 401 Scolaribus,
422 373 459 395 vel
476 373 598 401 deputatis
615 379 657 401 per
674 373 777 400 eosdem,
793 372 877 394 reddat
893 371 1019 394 racioeim'a
1035 371 1064 393 de
1081 370 1192 392 omnibus

130 402 248 431 perceptis
259 403 283 425 et
293 403 402 431 expensis
414 403 463 424 suis
474 409 479 430 ;
497 404 521 425 et
531 402 560 424 de
571 402 619 424 suis
631 402 753 430 arreragiis
764 404 814 424 tem
826 401 998 424 communitati
1008 407 1080 429 quam
1091 399 1192 426 singulis

129 431 203 453 Sociis
215 432 346 454 satisfaciat
355 432 385 454 de
395 432 442 454 hiis
453 439 498 460 que
510 432 627 454 debentur
637 431 724 454 eisdem
734 439 740 459 ;
759 433 783 454 et
794 431 858 460 quod
874 431 996 453 residuum
1006 430 1079 452 fuerit
1090 429 1115 451 in
1126 429 1193 462 Cista

129 461 249 483 communi
266 461 394 483 eorundem
413 461 551 489 Scolarium,
570 468 641 490 qnam
659 461 762 483 habeant
782 461 807 483 in
826 461 902 482 Domo
921 467 971 488 sua,
992 460 1053 482 infra
1071 460 1125 481 octo
1142 458 1193 492 dies

130 491 271 513 consuetum
291 492 386 520 tempus
402 491 573 519 resumpcionis
591 491 760 519 Magistrorum
781 491 836 519 post
858 490 955 512 Festum
972 489 1053 512 Sancti
1070 487 1194 511 Michaelis

129 519 266 542 immediate
287 522 419 549 sequentes,
442 520 555 549 deponat,
577 521 608 542 ad
636 527 784 542 communem
810 519 948 547 utilitatem,
968 519 1041 547 juxta
1064 517 1193 540 eorundem

129 549 261 571 Scolarium
278 550 316 572 vel
333 550 430 578 majoris
449 550 523 578 partis
542 550 675 577 arbitrium,
694 549 885 572 convertendum.
919 548 956 571 Ad
974 548 1025 576 hec,
1043 553 1194 577 quacumque

130 578 189 601 hora
198 579 254 601 anni
264 579 383 608 prefectus
394 579 467 601 fuerit
476 579 532 601 talis
544 579 636 607 Rector,
649 579 718 601 duret
736 579 812 607 ipsius
824 578 932 601 Officium
950 584 1025 606 usque
1042 577 1072 599 ad
1083 578 1195 599 octavum

130 608 193 630 diem
211 608 349 637 hujusmodi
367 610 507 631 consuetum
527 610 623 637 tempus
644 609 814 637 resumpcionis
834 608 1002 636 magistrorum
1020 608 1075 636 post
1093 607 1193 628 Festum

128 637 208 660 Sancti
220 638 343 660 Michaelis
361 638 507 664 [immediate
526 638 681 667 sequentem],
696 640 719 660 et
731 645 778 660 non
789 638 867 665 ultra;
885 641 916 665 et,
930 637 993 659 dicto
1005 638 1088 659 octavo
1099 635 1146 663 die,
1162 635 1193 657 ad

130 673 215 689 novam
235 668 381 690 Eleccionem
395 668 468 695 illius,
480 668 517 690 vel
534 668 640 695 alterius,
659 668 683 689 in
704 668 788 689 Forma
806 674 851 696 que
868 667 1025 696 premittitur,
1041 665 1190 694 procedatur.

130 696 162 719 Et
182 698 214 719 sit
235 697 285 726 ipse
307 697 417 726 eligibilis
438 697 500 720 sicut
521 697 596 725 alius;
613 697 678 724 dum,
701 698 788 724 tamen,
812 697 937 718 raciocinia
957 695 1093 723 reddiderit,
1117 696 1141 717 et
1162 694 1191 716 de

130 727 253 755 arreragiis
268 727 317 749 suis
329 727 476 754 satisfecerit,
487 728 515 749 ut
522 727 676 755 premittiturv
688 727 724 748 vel
734 733 787 748 cum
799 727 909 748 caucione
918 725 1043 748 sufficienti
1051 724 1193 747 dilacionem

131 755 250 784 habuerit,
272 756 302 778 de
323 763 437 778 consensu
459 757 564 778 onmium
586 758 610 778 et
630 756 777 784 singulorum
799 756 930 778 Scolarium
950 755 1127 784 predictorum3
1151 760 1195 775 nec

128 785 205 814 possit
216 786 302 814 aliquis
313 785 451 815 hujusmodi
463 793 522 808 onus
533 786 753 813 administracionis,
768 785 796 813 si,
809 787 837 807 ut
847 785 1004 814 premittitur,
1013 784 1043 806 ad
1051 783 1096 806 hoc
1102 783 1193 805 electus

131 815 212 842 suerit,
225 822 337 838 recusare.
372 815 426 843 Qui,
436 817 524 843 autem,
533 822 575 844 per
585 822 660 837 unum
672 815 733 837 diem
746 815 878 837 naturalem
890 814 1033 836 recusaverit
1045 821 1058 835 a
1066 813 1120 842 jure
1131 812 1197 841 quod

131 843 241 897 habletdiiss‘
247 845 364 867 Societate
376 847 400 867 et
408 845 485 867 Domo
496 845 609 874 predictis
621 845 652 867 sit
663 845 714 874 ipso
723 845 777 873 jure
788 845 896 874 privatus
907 845 931 867 et
941 844 971 866 ab
980 843 1068 866 eisdem
1079 844 1196 872 perpetuo

129 880 171 896 exc
182 881 197 896 u
217 882 229 896 a
243 881 277 897 ur.

151 916 199 956 ᾖε
215 917 379 956 ifioieziate
395 917 596 956 {srezihmtiz
611 916 648 948 ah
664 916 843 948 historhiztz
858 915 1082 948 terntinauhaz.

101 965 210 994 Insuper,
223 966 344 994 predictus
356 966 449 994 Rector,
460 966 581 988 associatis
592 966 638 988 sibi
649 966 743 988 (luobus
754 965 783 988 de
794 965 969 994 antiquioribus
980 966 1004 987 et
1014 963 1195 987 discrecioribus

131 995 274 1023 Scolaribus,
298 1003 378 1018 omnes
400 996 528 1018 discordias
549 1003 621 1024 super
642 996 769 1024 premissis,
793 995 830 1017 vel
851 995 932 1023 aliquo
953 995 1130 1023 premissorum,
1153 994 1195 1015 aut

129 1025 320 1054 quibuscumque
331 1026 383 1047 aliis
394 1026 456 1047 inter
466 1025 560 1047 eosdem
571 1025 676 1047 Scolares
688 1027 789 1053 exortas,
802 1026 826 1047 et
837 1025 916 1047 omnia
929 1025 1009 1053 jurgia
1021 1024 1118 1053 [sul-gia,
1132 1022 1196 1052 MS]

130 1055 192 1076 iuter
208 1055 407 1084 ipsos—exceptis
428 1056 523 1077 tantum
545 1055 638 1077 casibus
660 1055 672 1066 ἦ
695 1056 707 1067 ÷÷
729 1055 873 1077 Cancellario
886 1054 1020 1082 Oxouiensi,
1034 1055 1062 1076 ut
1077 1052 1186 1082 premitti

132 1085 173 1105 tur
183 1085 207 1106 et
218 1084 380 1113 subsequitur,
393 1085 526 1113 specialiter
541 1084 785 1112 reservatis-absae‘pie
797 1084 898 1113 strepitu
910 1085 934 1106 et
946 1085 1020 1112 figura
1028 1083 1122 1112 judicii,
1134 1082 1197 1104 infra

132 1113 235 1135 Domum
255 1114 375 1143 propriam
393 1115 521 1136 eorundem
533 1114 663 1136 Scolarium
681 1114 764 1136 audiat
783 1115 806 1136 et
824 1113 925 1141 decidat,
938 1115 962 1135 et
978 1120 1025 1135 non
1041 1113 1194 1134 observantes

133 1143 300 1165 Ordinaciones
321 1144 447 1172 predictas,
466 1144 503 1166 vel
524 1144 582 1166 alias
603 1143 775 1172 delinquentes,
798 1143 891 1172 puniat,
914 1144 986 1171 prout
1006 1142 1053 1164 sibi
1073 1141 1195 1164 videbitur

133 1173 251 1201 expedire,
265 1174 395 1195 secundnm
414 1173 494 1195 delicti
505 1173 662 1202 qualitatenu
679 1175 703 1194 et
720 1173 761 1201 qui
778 1173 823 1194 sibi
841 1179 912 1201 super
927 1173 973 1194 hiis
984 1179 1065 1201 parere
1076 1171 1197 1193 noluerint

132 1208 174 1231 per
185 1202 373 1225 subtraccionem
390 1209 432 1225 sue
443 1210 575 1231 commune,
588 1209 630 1224 seu
648 1203 723 1224 infulis
741 1202 801 1230 aliis,
815 1202 852 1224 vel
863 1209 905 1231 per
915 1202 1008 1224 finalem
1021 1201 1120 1230 [finales,
1134 1200 1197 1229 MS]

132 1232 302 1254 ammocionem
313 1232 397 1254 adicta
406 1233 482 1254 Domo
494 1239 536 1261 per
546 1232 646 1255 eundem
656 1233 785 1260 Rectorem,
795 1232 860 1254 ornni
870 1231 1030 1261 appellacione
1042 1232 1154 1260 cessante,
1167 1231 1198 1253 ad

132 1261 164 1290 id,
177 1261 198 1283 si
209 1263 325 1291 oporteat,
338 1262 518 1291 compellantur.

431 1304 479 1343 ξε
495 1304 607 1338 &fficio
623 1304 808 1343 {Ji-cffihucri.

104 1351 172 1380 Sane,
185 1352 307 1381 predictus
318 1353 437 1375 Presbiter
452 1353 477 1375 in
488 1353 618 1375 Dominicis
635 1354 659 1375 et
671 1353 772 1375 Festivis
783 1352 881 1377 Diebus.
895 1352 987 1375 Novem
998 1352 1147 1380 Leccionum,
1160 1352 1199 1375 vel

132 1389 187 1404 cum
204 1382 326 1410 Regimine
346 1383 423 1411 Chori,
443 1383 472 1404 de
491 1383 549 1411 ipsis
566 1383 698 1405 Dominicis
717 1384 740 1404 ct
758 1383 850 1408 Festis:
875 1382 967 1410 diebus,
988 1389 1050 1410 vero,
1069 1382 1168 1405 Sabbati
1184 1389 1199 1404 a

133 1412 230 1440 proprio
242 1412 311 1434 Festo
323 1412 415 1434 Novem
427 1412 568 1434 Leccionum
580 1412 616 1434 vel
632 1420 685 1434 cum
698 1412 819 1440 Regimine
831 1412 902 1434 Chori
918 1412 1065 1440 vacantibus,
1079 1412 1107 1434 cle
1125 1412 1199 1434 Beata

134 1441 231 1470 Virgine
241 1449 247 1469 ;
263 1442 354 1469 ceteris,
365 1448 428 1468 vero,
441 1442 525 1464 diebus
536 1449 578 1470 pro
590 1442 680 1463 salubri
692 1443 757 1464 statu
769 1442 863 1464 Domini
874 1441 981 1469 Walteri,
992 1442 1035 1464 Dei
1047 1441 1125 1470 gracia
1135 1448 1199 1464 nunc

134 1471 274 1493 Exoniensis
295 1471 414 1500 Episcopi,
438 1473 462 1493 et
488 1471 653 1494 Successoruni
681 1478 785 1499 suorum,
814 1471 872 1493 dum
900 1471 1001 1493 vixerint
1012 1478 1017 1499 ;
1041 1478 1132 1493 necnon
1155 1478 1199 1500 pro

135 1501 259 1523 animabus
280 1501 356 1530 ipsius
378 1501 489 1529 Episcopi
516 1502 539 1523 et
565 1501 671 1523 omnium
698 1501 891 1523 Predecessornm
918 1507 1024 1529 suorum,
1051 1508 1086 1528 ac,
1114 1501 1197 1529 eciam,

135 1530 308 1558 Successorum,
319 1538 372 1552 cnm
391 1530 421 1552 ab
436 1530 481 1552 hac
497 1531 549 1552 lnce
565 1531 725 1559 migraverint,
739 1532 762 1552 et
778 1531 902 1552 animabus
913 1530 1042 1552 Parentum
1053 1532 1077 1553 et
1088 1531 1199 1552 Benefac-

134 1560 214 1582 torum
230 1560 305 1589 ipsius
317 1560 429 1589 Episcopi
441 1560 541 1582 Walteri
557 1561 581 1582 et
597 1560 724 1582 corun-lem
738 1560 877 1588 Scolarium,
890 1560 948 1582 locis
964 1561 988 1582 et
998 1560 1145 1588 temporibus
1157 1567 1199 1589 per

135 1589 229 1611 eosdem
251 1589 355 1612 Scolares
374 1590 521 1612 concorditer
541 1590 656 1612 ordinatis
678 1596 718 1611 seu
741 1589 885 1617 ordinandis,
904 1591 1010 1612 cessante
1027 1589 1199 1618 impedimento

135 1619 249 1647 legitimO,
265 1619 352 1641 Divina
369 1619 513 1645 celebrabit;
531 1620 562 1646 et,
580 1619 609 1641 de
627 1626 777 1648 quocumque
795 1619 954 1646 celebraverit,
969 1626 1012 1647 pro
1027 1619 1117 1641 salubri
1134 1620 1200 1641 statu

135 1649 211 1677 ipsius
223 1649 336 1677 Episcopi
346 1648 445 1670 Walteri
462 1650 486 1671 et
497 1649 663 1671 Successornin
676 1656 780 1676 suorum,
794 1655 820 1670 ac
832 1649 926 1670 Domini
939 1649 1055 1671 ,Iohannis
1065 1649 1162 1676 Tolliro,
1176 1650 1200 1671 et

137 1678 244 1707 Magistri
258 1678 322 1700 Petri
343 1678 371 1700 de
390 1678 509 1705 Skeltone,
523 1678 679 1705 sacerdotum,
693 1680 717 1700 et
735 1685 777 1707 pro
791 1678 915 1700 animabus
931 1678 1039 1707 ipsorum
1050 1685 1103 1700 cum
1115 1678 1145 1700 ab
1156 1678 1200 1700 hac

136 1707 189 1729 lnce
200 1707 317 1730 subtracti
328 1708 416 1730 fuerint
426 1715 431 1735 ;
448 1714 545 1735 necnon,
556 1708 680 1729 animabus
692 1708 817 1729 Parentum
831 1709 854 1729 et
863 1708 1043 1730 Benefactorum
1065 1707 1141 1737 ipsius
1158 1709 1171 1720 ‘¹‘
1188 1708 1201 1720 ἦ

136 1737 257 1766 Episcopi,
270 1738 294 1759 et
304 1737 431 1759 eorundem
443 1737 583 1764 Scolarium,
595 1738 619 1759 in
630 1737 694 1759 omni
703 1737 776 1759 Missa
787 1737 884 1759 habebit
893 1738 1038 1765 memoriam,
1051 1738 1082 1765 et,
1096 1737 1202 1766 exceptis

136 1767 214 1789 Festis
228 1767 378 1795 anlidbus,
391 1770 440 1789 tam
452 1767 475 1788 in
488 1767 537 1789 vita
548 1774 619 1795 quam
631 1767 655 1788 in
667 1769 749 1794 morte,
763 1767 827 1789 (licat
838 1767 955 1789 Collectas
965 1767 1073 1795 proprias
1084 1768 1115 1794 et,
1128 1768 1202 1795 prout

136 1796 317 1818 convcniencius
333 1796 443 1818 similiter
459 1796 507 1818 fieri
524 1796 620 1825 poterit,
639 1797 758 1825 speciales.
792 1796 870 1824 Dicat,
884 1797 964 1823 eciam,
979 1796 1057 1818 dictus
1073 1796 1200 1824 Presbiter,

137 1826 237 1854 singulis
256 1826 348 1853 diebus,
369 1826 433 1848 ultra
452 1826 529 1848 Horas
548 1826 685 1853 (innumeris,
707 1826 803 1854 Septem
823 1826 929 1848 Psalmos
948 1826 1126 1854 Penitenciales,
1146 1833 1201 1848 cum

138 1855 243 1907 (Ilaestanizti'
254 1862 297 1884 pro
315 1855 467 1884 viventibus;
492 1857 516 1878 et
533 1855 641 1883 Placebo,
662 1856 748 1884 Dirige,
770 1857 794 1877 et
812 1855 1034 1878 Commendaciones
1055 1856 1137 1878 solitas
1158 1862 1202 1884 pro

155 1892 166 1907 e
178 1891 223 1907 unc
238 1892 263 1908 is.

310 1927 357 1967 Ee
372 1927 512 1967 &omine
527 1927 727 1966 mansionis
742 1927 936 1966 §mintium

111 1976 150 2004 Et,
163 1975 219 2004 qnia
230 1976 286 1998 dicti
298 1976 403 1998 Scolares
414 1983 443 1998 ex
454 1976 591 2004 sumptibus
602 1977 626 1998 et
637 1976 787 2004 providencia
796 1976 891 1997 Domini
901 1975 1001 1998 Walteri
1012 1976 1040 1998 de
1050 1975 1202 2006 Stapefflone,

140 2012 205 2027 nunc
216 2006 356 2027 Exoniensis
367 2006 486 2034 Episcopi,
500 2007 556 2027 sunt
573 2006 675 2033 fundati,
690 2005 765 2027 Locus
782 2006 806 2027 in
822 2012 872 2034 >quo
890 2005 946 2027 dicti
959 2005 1064 2027 Scolares
1081 2006 1104 2027 in
1122 2007 1203 2029 eadem

141 2035 303 2057 Universitate
314 2036 438 2057 morantur
448 2035 477 2056 ad
488 2042 591 2063 presens,
605 2035 641 2057 vel
653 2035 809 2057 morabuntur
825 2035 848 2056 in
864 2035 981 2063 futurum,
995 2035 1058 2056 Aula
1074 2035 1102 2057 (le
1114 2035 1205 2064 Stapel-

138 2064 198 2086 done
221 2064 299 2092 Halle,
319 2064 434 2093 quamdiu
455 2064 544 2086 ibidem
565 2065 704 2091 manserint,
719 2067 877 2093 nuncupetur.
912 2065 949 2092 Et,
973 2065 1029 2093 quia
1050 2064 1115 2086 locus
1137 2065 1203 2094 [non]

139 2094 273 2116 sanctificat
290 2094 417 2121 hominem,
430 2095 466 2116 set
483 2094 554 2115 homo
571 2094 658 2121 locum,
671 2101 718 2115 non
737 2101 835 2122 persone
852 2101 865 2115 a
883 2094 934 2115 loco
951 2096 987 2115 set
998 2094 1062 2115 locus
1074 2100 1087 2115 a
1098 2096 1203 2122 personis

139 2123 269 2146 eorundem
286 2123 418 2146 Scolarium
434 2123 522 2145 ibidem
542 2123 680 2153 [legencium
699 2130 785 2146 nomen
802 2130 865 2146 nunc
884 2123 913 2145 de
930 2125 1007 2146 cetero
1024 2123 1156 2154 sorciaturg
1179 2126 1204 2147 et

195 2164 223 2191 U
