1328 2295
78 148 133 194 82
265 161 342 186 THE
368 162 551 199 REGISTER
577 162 626 189 OF
651 163 786 189 BISHOP
812 163 1049 189 STAPELDON.

214 238 305 270 Nota
321 239 413 281 quod
427 239 593 271 Boseham
610 239 655 271 sit
673 239 929 282 Capella-ria,-

181 290 348 322 Insrascripta
360 292 521 316 inveniuntur
530 294 557 316 in
568 292 671 317 diversi-3
683 293 778 317 Rutulis
789 293 817 317 in
829 293 953 318 Scaccario
965 293 1068 318 Domini
1081 293 1151 324 Regis
1163 300 1205 316 :—

151 331 182 355 In
202 332 289 356 Rotulo
314 332 396 356 Tercio
419 333 490 363 Regis
513 333 635 357 Jolzannis
663 335 691 357 in
708 334 822 357 Sussexia
847 338 901 365 post
924 335 997 358 Nova
1025 334 1246 364 [OblataL—Idem

183 365 325 389 Vicecomes
342 366 425 389 reddit
446 368 592 396 compotum
610 366 641 389 de
658 374 674 389 x
692 366 761 390 libris
773 367 804 390 de
816 367 927 398 scutagio
940 368 973 398 vij
988 368 1100 391 Militum
1112 370 1138 390 et
1150 367 1248 390 dimidii

184 398 321 428 Capellarie
333 399 364 422 de
375 398 505 428 Boseham,
524 400 550 422 et
561 399 592 422 de
605 406 620 422 v
632 399 717 422 solidis
729 399 754 430 vj
768 400 875 423 denariis
888 400 919 423 de
936 401 1047 431 scutagio
1060 400 1200 423 Normanni
1217 400 1248 423 de

182 430 360 454 Normanville.
396 431 427 454 In
439 432 566 454 Thesauro
577 431 693 455 liberavit
704 432 731 455 in
742 432 759 462 ij
774 432 864 460 talliis;
879 436 905 456 et
916 433 1017 463 quietus
1030 436 1074 457 est.

150 462 183 486 In
199 462 287 486 Rotulo
307 463 379 487 Nono
400 464 471 494 Reqis
495 464 714 493 mearam—Idem
733 464 875 488 Vicecomes
893 466 978 489 reddit
996 468 1141 496 compotum
1162 465 1193 488 de
1211 464 1245 495 vij

182 495 253 519 libm's
276 496 307 519 de
332 496 444 527 scutagio
466 496 556 520 Militis
577 496 713 527 Capellarie
731 497 762 520 de
779 498 902 521 Boseham
925 498 951 521 in
974 498 1021 522 hoc
1045 498 1180 522 Comitatu.
1216 497 1247 521 In

183 528 310 552 Thesauro
327 529 440 552 liberavit
454 537 460 559 3
478 531 504 552 et
516 529 616 559 quietus
628 532 674 553 est.

150 560 183 584 In
203 561 291 585 Rotulo
317 561 353 584 VI
370 561 443 592 Reyz's
465 561 682 591 R·ica1·dss‚—Idem
700 562 842 586 Vicecomes
865 563 949 586 reddit
968 566 1113 594 compotum
1134 563 1165 586 de
1188 562 1246 593 cxiij

183 594 268 617 solidis
297 593 332 625 iiij
358 594 465 617 denariis
485 595 516 618 de
544 595 655 625 scutagio
679 595 768 618 Militis
789 595 925 626 Capellarie
948 596 979 619 de
1004 596 1126 619 Boseham
1146 596 1172 619 in
1199 596 1246 619 hoe

184 626 320 650 Comitatu.
356 627 387 650 In
399 627 526 650 Thesauro
537 627 653 651 liberavit
664 635 669 656 ;
688 630 713 651 et
725 628 827 657 quietus
839 631 876 652 est
888 636 893 657 ς
914 629 966 652 142.

152 658 201 682 For
212 659 361 683 Additional
374 660 453 683 Notes
465 668 497 683 on
511 660 620 683 Bosham
633 668 667 684 sce
678 660 819 691 Appendix.

83 699 255 738 Botrianx,
266 700 392 732 Walter
404 700 452 738 de,
468 700 606 732 collated
623 703 658 732 to
674 712 693 732 a
709 701 857 733 Prebend
875 702 910 732 in
927 702 1072 744 Glasney
1084 714 1091 741 3
1116 700 1201 733 16:31³.

85 759 225 802 Bouges,
237 760 290 792 Fr.
307 760 461 798 william,
478 761 617 792 collated
632 760 682 803 (by
700 761 806 803 lapse)
823 764 857 793 to
873 762 1012 793 Minster
1028 762 1162 804 Priory3
1176 763 1247 795 176.

119 836 192 851 orum
201 828 312 851 locorum
320 828 372 851 sint
382 828 466 852 liberae
479 830 504 851 et
517 831 639 859 exemptae

118 861 150 884 de
178 861 360 884 consuetudine
388 861 531 891 approbata,
560 864 586 884 et
613 861 639 884 in

119 893 272 924 possessione
297 893 445 924 hujusmodi
467 894 591 917 libertatis
614 896 640 917 et

120 926 289 957 exemptionis
314 926 432 953 existant,
451 926 557 957 predicti
581 926 639 957 Epi-

118 967 207 990 scopus
220 962 246 982 et
258 959 453 982 Archidiaconus
467 959 639 988 Cicestrenses,

120 992 147 1015 in
161 992 329 1023 prejudicium
342 992 466 1015 libertatis
479 994 505 1015 et
517 992 639 1022 exempti-

120 1024 325 1055 onishujusmodi
331 1027 356 1047 et
363 1024 426 1054 juris
432 1024 639 1054 Regiidimiuuti-

119 1065 200 1087 onem,
210 1057 307 1080 (lictum
313 1057 465 1088 Episcopum
472 1057 639 1080 Exoniensem

121 1093 145 1114 et
167 1090 371 1114 Praebendarium
389 1090 504 1120 ejusdem
522 1090 639 1113 Ecclesiae

120 1124 152 1147 de
164 1123 294 1152 Boseham,
308 1123 414 1153 Regium
433 1122 474 1150 (ut
485 1122 639 1153 praedicitur)

120 1156 291 1186 Capellanum,
320 1163 395 1186 super
426 1155 500 1178 dictis
531 1155 638 1185 juribus,

119 1189 255 1220 quominus
266 1188 326 1219 ipsis
339 1188 378 1211 uti
390 1188 465 1211 libere
475 1188 560 1218 possit,
576 1188 639 1211 mul-

117 1221 237 1252 tipliciter
262 1221 399 1244 molestant
427 1223 453 1244 et
479 1221 637 1251 perturbant.

118 1254 193 1278 Unde
213 1254 338 1284 supplicat
350 1253 433 1276 dictus
449 1253 574 1276 Dominus
586 1253 640 1276 Rex

118 1287 238 1318 quatinus
244 1286 402 1310 Auctoritate
408 1286 550 1316 Apostolica
555 1286 639 1316 digne-

118 1320 182 1343 mini
194 1320 287 1343 dictam
304 1319 439 1342 Ecclesiam
455 1319 495 1341 vel
513 1319 639 1349 Capellam

119 1353 150 1376 (le
167 1352 297 1379 Boseham,
315 1359 374 1375 cum
392 1351 522 1375 Canonicis
538 1354 564 1374 et
583 1351 639 1374 Per-

119 1386 186 1409 sonis
198 1384 377 1408 Ecclesiasticis
389 1384 522 1414 praedictis,
534 1384 638 1407 Canoni-

119 1418 217 1442 eatibus
233 1420 259 1440 et
271 1417 422 1441 Praebendis.
436 1419 462 1440 et
477 1417 581 1439 annexis
591 1417 638 1439 Ec—

119 1451 199 1474 clesiis
211 1452 236 1473 et
249 1450 363 1480 Capellis,
376 1452 402 1472 et
416 1449 545 1477 Ministris
559 1449 638 1478 Clero,

118 1486 146 1507 et
162 1483 255 1514 populo
272 1482 416 1511 eorundem,
429 1482 460 1505 ab
476 1482 544 1505 omni
558 1482 638 1505 Juris-

118 1516 228 1540 dictione
237 1515 375 1544 Ordinaria,
383 1517 409 1538 et
417 1514 638 1545 precipueArchie-

119 1549 214 1580 piscopi
243 1548 437 1576 Cantuariensis,
467 1547 583 1577 Episcopi
613 1549 639 1570 et

119 1581 294 1605 Archidiaconi
307 1580 508 1608 cicestrensium,
521 1580 553 1602 ad
565 1588 638 1602 omne

117 1614 225 1638 dubium
261 1613 437 1642 amovendum,
472 1613 579 1636 eximere
613 1615 639 1635 et

118 1647 231 1671 totaliter
255 1646 359 1669 liberare
375 1654 380 1674 ;
415 1648 441 1668 et
468 1644 639 1676 jurisdictioni

119 1679 269 1703 Exoniensis
303 1678 420 1709 Episcopi
455 1678 508 1708 (qui
542 1678 640 1701 confert

119 1712 287 1737 Canonicatus
307 1714 332 1734 et
356 1711 514 1739 Praehendas,
534 1713 559 1733 et
578 1718 639 1740 pra>-

117 1748 184 1769 terea
194 1744 233 1774 (ut
240 1743 415 1775 praemietitur)
425 1746 486 1766 suus
492 1743 640 1773 Capellanus

118 1777 257 1809 specialiter
280 1776 461 1806 nuncupatur),
486 1778 512 1799 et
538 1776 638 1799 Succes-

118 1818 203 1834 sorum
223 1817 334 1838 suorum,
351 1811 476 1839 quantum
496 1808 528 1831 ad
544 1810 638 1831 utram-

118 1850 167 1873 que
184 1843 264 1873 legem
277 1841 486 1872 [jurisdictionis],
499 1841 639 1864 communis

115 1875 232 1900 videlicet
244 1876 270 1897 et
282 1874 431 1902 Diocesanae,
451 1872 565 1904 [nititur]
581 1873 638 1896 sub-

117 1909 199 1939 jicere.
236 1907 276 1930 Ita
293 1907 361 1937 quod
379 1906 470 1930 Cultus
486 1906 601 1935 Divinus,
615 1905 637 1928 e&

117 1947 264 1964 excessuum
272 1938 391 1963 correctio
399 1946 449 1961 non
459 1938 601 1968 negligatur
612 1938 638 1961 in

116 1973 184 2004 ipsis
206 1972 323 2003 quodque
340 1971 419 2001 possit
435 1971 541 1995 Clericos
560 1971 639 2001 ipsius

119 2006 234 2030 Ecclesiae
246 2005 323 2028 libere
335 2004 449 2027 ordinare
460 2011 466 2032 ;
487 2011 514 2026 ac
526 2003 552 2026 in
566 2003 637 2027 Clero

117 2039 138 2063 ἀ
150 2038 243 2069 populo
259 2037 337 2067 ipsius
350 2035 464 2060 Ecclesiae
480 2034 503 2059 δέ
522 2036 575 2066 ipsa
592 2036 636 2058 Ec-

117 2071 197 2100 clesia,
211 2078 239 2094 ea
255 2077 303 2099 que
322 2071 383 2092 sunt
397 2068 491 2092 ordinis
504 2067 524 2091 Sc
537 2068 636 2098 Episco-

117 2104 179 2134 palis
191 2102 265 2127 officii
273 2101 332 2133 jure
341 2109 386 2125 suo
394 2108 516 2124 exercere:
529 2108 558 2124 eo
570 2101 637 2130 quod

118 2136 256 2170 Episcopus
275 2133 436 2160 cicestrensis
451 2133 495 2165 qui
510 2141 555 2165 pro
573 2134 636 2158 tem-

725 837 784 859 pore
811 829 895 858 fuerit,
925 829 950 852 in
981 829 1075 852 talibus
1103 829 1246 852 exercendis

724 862 818 885 ibidem
832 870 857 885 se
874 862 986 885 fortassis
1002 861 1128 885 difficilem
1146 862 1245 885 exhibe-

724 894 769 917 bit.
813 895 847 917 Et
880 895 948 925 quod
980 895 1064 918 dictus
1098 894 1246 918 Exoniensis

725 927 863 957 Episcopus
881 927 902 949 δι
920 928 1078 951 Successores
1095 927 1141 956 sui,
1157 927 1246 950 saltem

724 959 831 982 similem
857 960 1058 990 jurisdictionem
1085 960 1194 983 habeant
1220 960 1245 983 in

724 992 834 1015 Ecclesia
859 1000 903 1015 seu
934 993 1033 1022 Capella
1056 993 1182 1023 praedicta,
1203 993 1246 1016 Ec-

724 1025 804 1048 clesiis
820 1025 923 1048 annexis
932 1028 957 1048 et
968 1025 1081 1055 Capellis,
1092 1025 1244 1054 Praebendis,

726 1057 872 1088 Capellanis,
894 1058 1031 1086 Canonicis,
1051 1058 1161 1087 vicariis,
1181 1058 1245 1081 Min-

724 1090 799 1119 istris,
824 1090 903 1119 Clero,
927 1093 954 1114 et
981 1091 1074 1121 populo
1100 1091 1245 1120 eorundem,

725 1123 825 1152 qualem
848 1123 942 1146 habent
965 1124 1006 1146 alii
1030 1123 1120 1146 Dec-ani
1141 1126 1166 1146 et
1187 1124 1245 1146 Pre-

725 1155 800 1185 positi
827 1155 932 1179 aliarum
960 1156 1117 1186 capellarum
1143 1163 1246 1179 suarum

725 1188 860 1211 liberarum
880 1189 906 1211 in
920 1189 1005 1218 Regno
1023 1191 1049 1212 et
1068 1189 1184 1211 Dominio
1200 1196 1246 1212 suo

725 1221 928 1250 constitutarum,
953 1221 984 1244 de
1004 1221 1084 1252 gratia
1102 1221 1201 1251 speciali
1219 1224 1246 1245 et

725 1254 755 1276 de
779 1253 936 1283 plenitudine
955 1254 1093 1284 potestatiS,
1111 1254 1144 1277 ad
1166 1254 1245 1284 ipsius

724 1286 795 1316 Regii
806 1286 906 1309 honoris
922 1289 1097 1317 augmentum.
1132 1287 1189 1310 Non
1201 1286 1243 1309 ob-

724 1319 850 1342 stantibus
862 1319 1062 1348 quibuscumque
1075 1319 1161 1349 pactis,
1178 1327 1244 1342 com-

724 1351 898 1381 positionibus,
910 1352 1090 1380 controversiis,
1100 1354 1145 1375 aut
1156 1352 1243 1375 litibus

724 1385 790 1407 inter
801 1384 910 1414 prefatos
927 1384 1061 1415 Episcopos
1077 1387 1103 1408 et
1115 1384 1243 1408 Archidia-

724 1424 814 1440 conum
828 1417 903 1440 motis
915 1417 954 1440 vel
972 1417 1101 1440 movendis
1117 1417 1243 1440 occasione

724 1449 843 1479 predicta,
860 1457 918 1472 cum
931 1450 1047 1473 omnibus
1066 1468 1071 1473 .
1100 1467 1106 1473 .
1132 1466 1138 1472 .
1162 1468 1167 1473 .
1193 1458 1242 1473 non

724 1482 883 1505 obstantibus
906 1485 932 1505 et
956 1482 1089 1511 clausulis3
1112 1490 1141 1505 ac
1166 1483 1242 1506 etiam

723 1521 781 1538 cum
799 1515 974 1538 executoribus
992 1515 1012 1539 ἃ,
1028 1515 1244 1539 conservatoribus

723 1547 897 1578 opportunis.''

691 1580 762 1603 —On
794 1580 876 1603 which
912 1580 1014 1611 Prynne
1048 1580 1166 1609 remarks,
1200 1583 1245 1604 not

722 1620 783 1643 very
815 1613 1012 1643 aeeurately‚—“
1027 1613 1095 1644 King
1129 1613 1245 1642 Edward,

729 1645 827 1675 though
863 1645 895 1668 he
929 1645 1011 1675 might
1047 1646 1081 1677 by
1114 1645 1154 1669 his
1190 1654 1245 1669 own

724 1678 883 1708 Prerogative
901 1678 979 1709 Royal
997 1678 1060 1701 hare
1078 1679 1192 1701 annexed
1205 1678 1244 1702 his

725 1710 860 1741 Collegiate
879 1710 980 1734 Church
999 1711 1048 1734 and
1069 1711 1130 1734 Free
1150 1711 1244 1742 Chapel

724 1743 750 1766 of
767 1743 889 1766 Boseham
906 1744 1017 1773 (exempt
1035 1743 1100 1766 from
1121 1744 1244 1774 Ordinary

724 1775 900 1804 Jurisdiction)
924 1776 1012 1799 within
1033 1776 1076 1799 the
1096 1776 1199 1799 Diocese
1217 1777 1244 1800 of

723 1808 767 1831 the
790 1808 935 1839 Bishoprick
959 1809 985 1831 of
1008 1809 1123 1838 Cicester,
1149 1811 1175 1832 to
1199 1809 1244 1832 the

723 1840 870 1871 Bishoprick
893 1841 919 1864 of
942 1841 1041 1870 Exeter,
1060 1844 1087 1864 to
1107 1841 1188 1865 which
1211 1841 1242 1865 he

723 1873 812 1896 united
830 1873 868 1901 it3
891 1876 942 1904 yet,
963 1876 990 1896 to
1010 1874 1082 1897 avoid
1102 1874 1135 1897 all
1155 1874 1242 1897 future

723 1908 834 1929 contests
853 1906 966 1929 between
982 1906 1026 1929 the
1046 1906 1159 1937 Bishops,
1176 1906 1243 1930 their

723 1938 824 1962 Officers
836 1939 886 1961 and
899 1938 1040 1968 Chaplajns,
1054 1939 1203 1970 concerning
1214 1939 1242 1969 it,

722 1971 863 2001 petitioned
878 1971 922 1994 the
940 1972 1014 2001 Pope,
1032 1972 1066 2002 by
1083 1971 1122 1995 his
1139 1979 1242 1996 concur-

722 2006 780 2026 rent
802 2004 932 2034 authority
954 2006 981 2026 to
1005 2004 1077 2027 unite
1099 2004 1121 2027 it
1145 2006 1172 2028 to
1198 2004 1243 2028 the

722 2036 867 2066 Bishoprick
880 2036 906 2059 of
918 2036 1034 2060 Exeter.'’

689 2068 742 2092 The
761 2068 871 2099 Original
889 2068 915 2092 of
934 2069 985 2092 this
1002 2069 1146 2093 Dooument
1163 2077 1242 2094 seems

721 2103 748 2124 to
760 2101 823 2125 have
835 2101 898 2125 been
910 2101 965 2125 lost.
