1328 2295
101 180 173 215 154
296 191 369 217 THE
395 191 575 217 REGISTER
601 192 646 218 or
670 192 808 218 BISHOP
834 192 1058 219 STAPELDON.

191 267 290 290 Camera
309 267 413 296 Domini,
437 267 542 297 Capella,
565 270 589 291 et
610 268 655 291 alie
676 268 781 298 Camere,
804 276 859 292 cum
880 270 929 292 suis
951 269 1051 298 singulis
1073 268 1179 296 officinis,
1203 268 1259 289 sunt

190 299 351 326 competentes
362 300 386 320 et
394 298 545 321 sufficientes.

161 326 253 349 Domus
268 327 364 349 Domini
379 327 472 350 Andree
493 326 533 380 Ede
545 327 689 358 Killcemxy]y
707 328 801 352 Domni,
822 330 878 351 v<unt
891 329 1052 357 competentes
1066 329 1090 350 et
1103 326 1254 354 sufficientes,

190 357 214 378 et
225 356 329 379 multiun
341 363 384 385 per
394 364 447 379 eum
459 364 496 380 me
508 358 581 380 iorate
592 358 617 379 in
629 358 741 386 Cameris,
752 358 856 387 Capella,
870 360 893 380 et
904 358 957 380 aliis
968 358 1068 386 singulis
1080 357 1186 379 officinis.

160 385 189 408 In
201 386 316 414 Hospicio
329 387 437 415 Magistri
444 387 560 409 Willelmi
571 387 600 409 de
611 387 697 410 Sancta
708 387 781 409 Elena
791 389 828 410 est
839 388 901 410 Aula
912 389 1056 416 competens,
1065 388 1089 409 et
1099 387 1146 409 due
1159 386 1255 409 Camere

189 415 339 438 sufficientes.
380 416 411 438 Et
432 416 487 439 fecit
509 417 570 438 idem
596 417 710 445 Magister
734 417 870 439 Willelmus
894 417 918 439 in
941 418 994 446 ipso
1024 417 1140 445 Hospicio
1167 415 1257 437 multas

189 445 372 473 melioraciones,
386 448 438 468 tum
450 446 474 468 in
486 446 645 468 construendo
657 446 778 475 Capellam
789 449 813 468 et
824 447 943 469 caminum
955 447 978 468 in
990 447 1088 469 Camera
1098 453 1149 473 sua,
1167 446 1220 467 tum
1231 444 1257 466 in

188 475 296 503 coquina,
314 475 371 504 pist1
379 475 424 503 ino,
444 478 468 497 et
480 476 506 498 in
523 483 592 498 1111110
608 478 685 498 erecto
696 476 727 498 ad
737 483 823 498 novam
837 476 960 499 Cameram
971 475 1160 498 construendam.
1195 474 1226 496 Et
1237 474 1257 496 si

186 504 266 537 aliquo
283 506 390 533 tempore
407 505 506 528 fuerunt
523 506 563 527 ille
582 506 674 528 Domus
685 507 855 534 competentes,
874 505 944 527 modo
961 507 1017 528 sunt
1031 505 1110 527 multo
1122 505 1256 533 competen-

184 540 266 556 ciores.

156 563 248 585 Domus
260 563 368 592 Magistri
380 564 395 586 J
398 564 497 587 ohannis
509 564 538 587 de
549 565 648 592 Exonia,
662 565 721 587 dicti
732 565 873 593 Dyrewyne,
892 566 949 587 sunt
959 564 1102 586 sufficientes
1114 565 1138 586 et
1149 563 1252 586 multum

185 600 227 621 per
238 593 340 615 eundem
351 593 474 616 meliorate
486 594 510 616 in
522 596 699 617 construccione
710 595 747 623 cuj
753 595 837 617 usdam
847 594 937 616 stabuli
948 596 972 617 et
982 594 1067 616 domus
1078 594 1109 616 ad
1119 594 1209 621 fenum,
1229 593 1253 614 et

185 623 210 644 in
221 623 279 645 ortis
290 623 385 651 emptis,

155 652 247 674 Domus
260 653 368 681 Magistri
380 653 479 675 Roberti
499 654 527 675 de
539 654 621 676 Veteri
632 654 704 676 Terra
721 655 777 676 sunt
794 653 945 682 sufficientes,
963 655 1013 676 tam
1030 653 1055 675 in
1066 653 1130 675 Aula
1144 659 1215 681 quam
1229 652 1254 673 in

185 682 290 704 Cameris
302 684 325 704 et
338 683 421 704 ceteris
432 683 530 705 officinis
542 683 646 705 multum
658 690 700 712 per
711 690 765 705 eum
777 683 916 706 emendatis.

156 711 248 733 Domus
261 712 369 740 Magistri
381 712 472 734 Thome
489 713 517 735 de
529 713 672 735 Lecchelade
690 715 747 735 sunt
764 713 906 735 sufficientes
920 713 945 735 in
956 712 1020 735 Aula
1035 713 1059 734 et
1072 712 1097 734 in
1109 711 1220 739 Cameris,
1232 712 1256 733 et

185 741 291 763 multum
304 748 346 770 per
359 742 438 770 ipsum
455 743 577 765 melici-ate
592 743 617 764 in
628 743 806 765 construccione
817 742 942 771 cujusdam
954 749 1014 764 nove
1025 741 1134 771 coquine.
1167 740 1253 763 Stabu-

184 771 351 823 lum,ltamen,
370 773 407 794 est
420 772 544 794 ruinosum
556 773 581 794 111
591 772 724 801 parietibus
735 776 759 795 et
770 775 841 801 tecto,
855 774 879 795 et
889 773 969 801 potest
980 771 1100 801 repparari
1112 771 1255 793 sufficienter

184 808 238 823 011111
260 808 292 823 xs.

155 830 248 852 Domus
265 830 374 859 Magistri
390 831 455 853 Petri
472 831 501 853 de
513 831 596 853 Insula
613 838 690 860 nuper
705 832 801 854 visitate
818 833 875 854 sunt
889 838 931 860 per
945 831 1060 860 quosdam
1077 833 1153 853 certos
1164 829 1253 852 Visita-

184 862 248 882 tores
265 860 296 882 ad
312 860 358 882 hoc
372 860 467 888 electos,
487 862 511 883 et
523 861 619 883 invente
630 861 746 883 defective
759 868 833 890 usque
845 861 875 883 ad
886 861 1064 884 estimaciouem
1075 867 1090 882 x
1101 866 1233 882 marcarum
1245 867 1251 888 余

184 896 231 919 que
242 896 296 911 cum
307 890 397 912 fuerint
408 892 532 919 repparate
544 891 714 913 visitabuntur.

155 919 247 941 Domus
259 919 368 948 Magistri
380 919 479 942 Roberti
497 920 525 942 de
538 920 631 942 Cumbo.
648 922 704 943 sunt
722 920 826 948 debiles余
843 921 1024 949 verumptamen
1040 926 1083 949 per
1100 919 1180 948 ipsum
1197 919 1254 941 sunt

183 949 314 1000 meliocxiatc,
334 950 358 971 et
374 949 397 971 in
414 949 506 971 meliori
522 951 588 972 statu
604 957 676 979 quam
695 957 734 972 eas
752 950 847 979 recepit.
880 950 919 978 Et,
937 951 1026 978 tamen,
1044 955 1130 978 magna
1145 948 1254 977 indigent

184 985 252 1001 emen
271 985 357 1001 acione.

155 1008 246 1031 Domus
267 1008 365 1030 Domini
387 1008 501 1030 Willelmi
518 1009 548 1031 (10
569 1009 739 1038 Puntyngtone
750 1017 754 1031 z
774 1009 842 1032 nulla
863 1011 899 1032 est
920 1009 1039 1032 sufficiens
1059 1009 1138 1037 preter
1153 1007 1250 1035 Aulam,

184 1038 308 1072 Cameram
328 1038 451 1067 propriam
467 1040 491 1061 et
503 1038 624 1068 Capellam
640 1040 664 1061 et
676 1039 799 1061 Cameram
816 1039 841 1061 in
853 1039 930 1062 Turri.
965 1039 1047 1062 Cetere
1058 1039 1116 1061 sunt
1127 1037 1217 1060 debiles
1228 1038 1252 1059 et

181 1074 283 1090 ruinose.

153 1097 246 1120 Domus
262 1097 402 1120 Cancellarii
419 1098 476 1120 sunt
489 1098 639 1126 sufficientes,
658 1100 681 1120 et
698 1099 721 1120 in
737 1099 837 1127 singulis
852 1098 951 1121 officinis
967 1098 1072 1121 multum
1087 1105 1130 1128 per
1145 1097 1251 1120 eundum

183 1127 306 1149 meliorate
316 1135 322 1156 余
339 1127 436 1154 scilicet,
449 1134 491 1156 per
505 1128 647 1156 Magistrum
659 1128 790 1150 Heuricum
802 1129 830 1150 de
842 1128 982 1151 Somersete.

154 1156 246 1179 Domus
266 1163 326 1186 quas
346 1157 491 1179 inhabitavit
512 1157 626 1186 Magister
646 1158 724 1180 Adam
745 1158 767 1180 le
789 1158 871 1185 Blunt,
890 1159 1008 1186 mortuus,
1031 1158 1088 1180 sunt
1108 1157 1252 1180 sufficienter

182 1188 307 1215 repparate
324 1186 355 1209 ad
368 1186 559 1215 inhabitandum,
579 1187 717 1216 sumptibus
729 1188 835 1216 Capituli
852 1190 876 1209 et
890 1188 1001 1216 propriis,
1020 1194 1068 1216 quo
1084 1187 1115 1210 ad
1126 1187 1213 1209 Aulam
1227 1187 1252 1208 et

183 1216 293 1239 Cameras
302 1223 308 1244 余
319 1218 471 1245 preterquam
480 1216 597 1239 Solarium
605 1217 677 1245 juxta
687 1218 813 1246 coquinam
825 1218 861 1239 est
872 1217 996 1239 ruinosum
1007 1218 1057 1239 tam
1067 1217 1166 1239 inferius
1177 1222 1250 1245 quam

183 1246 301 1274 superius:
320 1246 362 1275 qui
377 1246 483 1268 defectus
498 1247 625 1269 estimatur
639 1247 669 1269 ad
683 1247 720 1270 Cs.
733 1254 776 1276 per
784 1247 926 1276 Magistrum
939 1247 1057 1276 Rogerum
1070 1246 1248 1274 cementa-rium,

181 1276 224 1304 qui
234 1276 326 1304 peritus
337 1277 373 1298 est
384 1276 407 1297 in
419 1276 516 1298 talibus.

154 1325 344 1349 MEMORANDUM
351 1326 423 1355 quod,
432 1326 502 1348 Anno
509 1326 607 1348 Domini
619 1327 657 1349 Mo
668 1326 738 1349 CCCo
748 1327 821 1349 tercio
832 1327 944 1354 intrante,
953 1326 991 1349 die
998 1327 1067 1349 Jovis
1075 1326 1185 1355 proxima
1196 1326 1252 1354 post

183 1356 282 1379 Festum
294 1356 496 1378 Annuneiaeionis
508 1356 630 1378 Dominice
642 1356 679 1385 [28
692 1356 791 1385 March],
810 1357 928 1379 Dominus
939 1356 1075 1378 Willelmus
1086 1356 1115 1378 de
1127 1356 1249 1384 Puntyng-

183 1387 247 1414 tone,
270 1386 459 1408 Archidiaconus
476 1386 594 1413 Tottonie,
619 1386 733 1415 Magister
751 1386 868 1408 Robertus
885 1386 914 1408 de
932 1386 1015 1408 Veteri
1033 1386 1112 1413 Terra,
1133 1385 1250 1407 Dominus

182 1415 300 1439 Robertus
308 1415 337 1437 de
344 1415 484 1444 Aspertone,
494 1415 607 1444 Magister
616 1416 722 1444 Rogems
729 1416 894 1443 cementarius,
903 1415 1061 1438 visitaverunt
1068 1415 1171 1437 Domum
1180 1421 1250 1444 quam

182 1445 310 1474 aliquando
327 1445 406 1467 tenuit
422 1445 537 1473 Magister
547 1445 651 1467 Thomas
668 1446 697 1467 de
714 1445 864 1473 Lecchelade,
883 1452 929 1474 que
945 1445 1015 1467 modo
1029 1452 1071 1474 per
1087 1445 1210 1467 Dec-anum
1227 1445 1251 1466 et

185 1474 326 1504 Capitulum
344 1475 479 1503 assignatur
496 1475 611 1503 Magistro
626 1475 732 1497 旅1011011111
750 1475 779 1497 de
796 1475 925 1504 Upavene3
941 1475 984 1504 qui
1002 1475 1144 1497 invenerunt
1161 1474 1249 1496 Aulam

182 1505 324 1527 defectivam
342 1504 367 1526 in
384 1504 497 1526 luminari
514 1511 541 1526 ex
559 1506 625 1533 parte
638 1504 760 1532 Orientali,
780 1506 803 1526 et
818 1505 942 1527 stabulum
957 1505 1080 1527 ruinosum
1093 1507 1122 1526 ut
1134 1504 1209 1533 prius,
1225 1504 1250 1525 et

182 1541 332 1556 communem
350 1534 451 1556 cloacali}
472 1534 569 1556 omniuo
586 1534 728 1556 defectivam
750 1541 792 1556 seu
813 1536 937 1563 tamquam
957 1534 1064 1556 nullam:
1088 1541 1148 1563 quos
1168 1539 1249 1556 omnes

182 1564 289 1586 defectus
305 1563 378 1585 iidem
396 1563 538 1585 Visitatores
558 1563 737 1586 considerarunt
755 1571 822 1592 posse
840 1564 960 1586 emendari
978 1570 1020 1592 per
1037 1565 1132 1586 centum
1151 1564 1247 1586 solidos.

183 1594 276 1622 Postea,
299 1593 479 1615 considerarunt
495 1593 604 1615 Decanus
625 1595 649 1615 et
666 1593 805 1622 Capitulum
823 1593 895 1622 quod,
918 1594 975 1622 quia
995 1593 1118 1622 predictus
1136 1594 1250 1622 Magister

182 1623 286 1645 Thomas
297 1629 344 1645 non
355 1623 403 1645 fuit
414 1624 511 1644 vocatus
527 1622 558 1645 ad
573 1622 704 1651 predictam
716 1623 895 1650 Visitacionem,
912 1623 977 1651 quod
988 1623 1035 1645 alia
1046 1623 1088 1645 fiat
1098 1623 1215 1646 Visitacio
1226 1624 1251 1645 et

181 1655 280 1675 vocetur
295 1653 326 1675 ad
337 1652 450 1680 eandem3
467 1652 533 1681 quod
549 1654 573 1674 et
587 1653 677 1674 sactum
692 1654 728 1675 est
745 1653 775 1675 ad
794 1653 901 1681 spacium
913 1653 993 1675 decem
1005 1653 1105 1681 dierum,
1118 1653 1209 1675 scilicet
1219 1652 1250 1675 ad

181 1682 244 1705 diem
254 1682 339 1704 Martis
346 1682 482 1710 proximum
491 1684 546 1710 post
554 1682 652 1704 Festum
660 1682 810 1704 Ascensionis
818 1682 914 1704 Domini
923 1682 959 1711 [21
971 1682 1045 1711 May]
1056 1683 1125 1704 Anno
1133 1682 1247 1711 predicto.

182 1712 213 1735 Et
224 1713 361 1735 statuerunt
371 1712 514 1733 Visitatores
526 1711 653 1740 Magistros
667 1712 812 1734 Willelmum
832 1712 861 1734 de
874 1712 961 1734 Sancta
973 1712 1046 1734 Elena
1064 1713 1088 1734 et
1102 1712 1248 1734 Willelmum

181 1742 211 1764 de
232 1741 362 1770 Kilkenny,
385 1741 516 1763 Dominum
537 1741 668 1763 Robertum
696 1741 725 1763 de
742 1742 883 1770 Aspertone,
911 1743 935 1764 et
961 1741 1103 1770 Magistrum
1129 1742 1248 1770 Rogemm

181 1772 351 1794 cementarium
361 1778 367 1798 余
384 1771 426 1800 qui
450 1771 475 1792 in
498 1771 550 1799 ipso
574 1771 613 1793 die
639 1771 731 1799 Martis,
759 1772 884 1799 sequentes
909 1771 1011 1793 officium
1035 1771 1082 1793 sibi
1104 1771 1246 1800 injunctum,

181 1802 324 1824 estimarunt
334 1801 445 1823 similiter
456 1802 482 1822 ut
493 1800 560 1829 prius
571 1800 677 1822 defectus
688 1801 713 1822 in
724 1801 775 1829 ipsa
786 1801 864 1823 Domo
875 1800 904 1822 ad
915 1803 1011 1823 centum
1023 1801 1118 1823 solidos.

150 1831 297 1853 Visitacio
313 1831 444 1852 Dnmomm
461 1836 520 1858 quas
537 1829 682 1852 inhabitavit
697 1830 811 1858 Magister
821 1830 928 1852 Jacohus
944 1830 973 1852 de
988 1830 1111 1859 Berkeley,
1130 1831 1194 1853 facta
1210 1831 1249 1853 die

181 1860 261 1883 Sancti
279 1860 378 1887 Mathie,
399 1859 518 1888 Apostoli,
537 1860 607 1881 Auno
624 1859 721 1881 Domini
740 1859 866 1882 Millesimo
883 1860 1044 1882 tricentesimo
1058 1860 1193 1888 undecimo,
1207 1867 1250 1889 per

181 1890 325 1919 Magistrum
336 1889 483 1911 Willelmum
502 1889 531 1911 de
549 1889 671 1917 Kilkenny
690 1891 713 1911 et
732 1889 861 1911 Dominum
878 1889 1010 1912 Robeitum
1027 1890 1056 1912 de
1073 1890 1247 1918 Haselschawe,

180 1920 309 1949 deputatos
321 1926 363 1947 per
374 1919 496 1940 Decanum
507 1920 530 1940 et
542 1918 680 1947 Capitulum
698 1918 728 1940 ad
743 1919 876 1941 taxandum
886 1919 993 1941 defectus
1005 1919 1135 1942 Domorum
1146 1920 1248 1948 predict-

182 1956 257 1972 arum.
301 1949 333 1971 Et
349 1948 440 1970 inventi
455 1948 552 1970 fuerunt
563 1948 670 1970 defectus
685 1948 710 1970 111
721 1948 820 1970 diversis
833 1948 890 1970 locis
901 1949 943 1977 qui
954 1950 1068 1977 poterunt
1078 1949 1181 1978 reparari
1193 1956 1247 1971 cum

181 1979 214 2008 xij
231 1979 316 2001 marcis
333 1978 423 2006 argenti
435 1980 458 2000 et
470 1977 537 1999 nullo
548 1977 619 1999 modo
631 1985 673 2006 pro
684 1978 769 2000 minori
787 1978 1058 2007 p1ecio,-presentibus
1068 1980 1133 2007 tuno,
1146 1979 1244 2007 ibidem,

180 2009 295 2037 Magistro
308 2008 419 2030 Johaune
436 2007 465 2029 de
484 2007 604 2035 Umvene,
623 2007 744 2029 Willelmo
762 2008 911 2035 cementario,
931 2008 1037 2030 Waltero
1050 2009 1205 2037 carpentario,
1222 2010 1246 2031 et

180 2039 292 2066 Roberto,
304 2037 388 2059 clerico
400 2036 514 2059 Scaccarii
525 2036 563 2065 [24
575 2036 641 2064 Feb
655 2036 769 2065 1311-12].

149 2068 296 2090 Visitacio
308 2067 439 2089 Domorum
455 2073 514 2094 quas
530 2066 674 2088 inhabitavit
686 2066 803 2088 Dominus
814 2066 829 2088 J
833 2066 937 2088 ohannes
947 2066 977 2089 (le
988 2067 1098 2095 Knovile,
1112 2068 1246 2090 Canonicus

179 2097 328 2124 Exoniensis,
337 2097 472 2123 defunctus,
486 2096 548 2117 facta
559 2102 601 2124 per
612 2095 740 2124 Magistros
748 2096 894 2118 Willelmum
906 2096 935 2118 de
948 2096 1070 2126 Kilkenny
1080 2099 1104 2120 et
1115 2097 1244 2120 Ricardum

177 2128 207 2150 de
212 2126 367 2150 Wideschade
384 2125 435 2154 sic),
443 2125 573 2147 Canouieos
581 2125 684 2147 Ecclesie
692 2125 830 2147 Exonicnsis
837 2125 950 2154 predicte,
957 2126 995 2148 (110
1004 2126 1068 2149 Lune
1075 2127 1185 2156 proxima
1191 2129 1246 2151 ante

178 2158 278 2180 Festum
289 2155 439 2179 Invencionis
450 2155 535 2178 Sancte
546 2154 636 2183 Crucis,
649 2155 719 2177 Anno
730 2155 835 2184 Domini,
848 2157 891 2178 etc.
915 2156 1021 2186 xxiij012
1031 2157 1096 2186 May,
1110 2157 1178 2187 1323]
1188 2164 1224 2180 :
